2054 2948
285 65 347 95 350
900 59 1083 87 DIOECESIS
1103 60 1325 87 LENTIENSIS.

317 147 393 174 VIII.
406 146 442 172 id.
525 147 549 173 6.
595 145 644 172 Ob.
664 146 780 172 Ioannes
804 146 838 172 de
862 146 1002 180 Augusta,
1028 146 1178 180 Philippus
1204 147 1237 172 de
1257 146 1412 179 Tegernsee
1437 144 1507 178 pbri.
1544 144 1681 179 Casparus
1705 144 1764 178 pbr.
1783 144 1817 171 de
1835 145 1940 171 Altach

646 188 793 222 Superiori.
836 188 971 222 Virgilius
998 189 1031 215 de
1054 189 1218 222 Salzburga,
1248 188 1372 214 Andreas
1396 187 1432 213 ad
1457 187 1513 213 Sum
1530 187 1666 214 Zenonem
1689 187 1757 221 pbri.
1799 187 1853 214 Leo
1877 187 1940 221 pbr.

647 231 829 258 Glunicensis.
867 231 1034 258 Benedictus
1053 232 1113 265 pbr.
1127 231 1238 258 ibidem.
1278 229 1429 263 Gregorius
1447 230 1508 263 pbr.
1521 230 1550 255 in
1569 230 1732 264 Tegernsee.

334 274 394 301 VII.
408 274 445 300 id.
529 274 552 300 7.
600 273 649 300 Ob.
663 274 780 299 Ioannes
800 273 860 308 pbr.
876 274 909 300 de
929 273 1005 300 Cella
1023 273 1137 300 Mariae.
1174 273 1205 299 D.
1221 272 1357 307 Georgius
1376 272 1439 298 abb.
1454 272 1487 298 de
1506 272 1609 298 Altach
1628 271 1803 306 Superiori.1)
1840 273 1941 299 Roma-

644 325 695 342 nus
715 317 772 349 pbr.
790 317 818 342 in
838 317 1000 350 Tegernsee.
1038 317 1161 343 Andreas
1180 316 1240 349 pbr.
1256 316 1289 342 de
1307 315 1378 341 Attl.
1412 315 1553 341 Romanus
1572 315 1631 349 pbr.
1646 315 1679 341 de
1698 315 1815 342 Metten.
1853 315 1883 342 D.
1898 316 1940 342 Io-

645 367 729 385 annes
748 359 809 385 abb.
826 359 855 385 in
874 359 1142 391 Raitteuhaslaehfi)
1179 358 1356 389 Benedictus,
1376 358 1533 385 Alexander
1551 358 1612 392 pbri
1630 357 1741 385 ibidem.
1778 358 1940 384 Edmundus

645 401 704 434 pbr.
720 401 833 428 ibidem.

347 444 393 471 VI.
407 444 444 470 id.
526 444 550 470 8.
597 444 645 470 Ob.
659 446 690 470 D.
707 444 854 471 Hertvious
874 444 936 470 abb.
956 444 984 470 in
1005 444 1192 478 Tegernsee.³)
1233 443 1370 478 Caspai-us
1396 443 1455 477 pbr.
1475 453 1500 470 n.
1519 452 1541 470 c.
1586 443 1802 477 Christophorus
1827 443 1886 477 pbr.
1906 443 1940 470 de

646 487 862 514 Cremsminster.
893 487 1035 513 Abraham
1049 487 1107 520 pbr.
1119 486 1152 513 de
1167 487 1375 521 Reichersperg.
1407 487 1566 513 Ioachimus
1578 486 1637 520 pbr.
1649 486 1682 513 de
1697 485 1939 520 Closterneuburg.

647 529 824 556 Faelicianus
849 529 925 563 prior
950 530 984 556 de
1007 530 1111 556 Altach
1137 529 1269 556 Inferiori.
1314 529 1450 563 Georgius
1470 539 1511 556 cv.
1529 530 1558 555 in
1578 529 1820 556 Raittenhaslach.
1860 528 1941 555 Gott-

645 572 748 598 hardus
767 572 824 606 pbr.
841 581 864 598 n.
880 581 901 598 c.
941 573 1094 599 Bernardus
1113 572 1172 606 pbr.
1190 573 1223 598 de
1245 572 1452 599 Seittenstettn.
1490 572 1673 599 Balthasarus
1693 572 1751 606 pbr.
1770 572 1800 598 in
1819 572 1939 598 Monsee.

645 615 769 641 Barbara
796 615 931 641 Marcella
959 616 1036 648 prof-”²
1069 615 1098 641 in
1126 615 1284 649 Niderburg
1315 615 1450 642 Passavii.
1504 615 1677 642 Coelestinus
1704 615 1764 649 pbr.
1784 614 1939 642 Mettensis.

646 658 805 684 Guntherus
824 658 882 691 pbr.
898 658 931 684 de
950 658 1054 685 Altach
1074 658 1209 685 Inferiori.
1247 659 1430 693 Margaretha
1448 666 1499 685 sor.
1518 658 1542 684 1²³⁴
1560 658 1589 684 in
1606 658 1822 685 Hochenwarth.

361 700 390 726 V.
404 700 440 726 id.
524 700 547 727 9.
593 699 641 726 Ob.
656 700 858 733 Degenhardus
879 700 914 727 de
933 701 1057 731 Mansee,
1081 701 1259 727 Leonhardus
1284 701 1317 727 de
1336 701 1547 728 Cremsminster
1566 701 1632 734 pbri.
1671 700 1786 727 Iacobus
1804 700 1862 734 pbr.
1877 709 1903 726 n.
1918 709 1939 726 c.

648 742 806 768 Leonardus
831 743 889 776 pbr.
914 743 947 770 de
973 744 1071 770 Mettn.
1110 744 1273 771 Waltherus
1292 743 1350 777 pbr.
1369 746 1398 770 et
1423 752 1479 770 sen.
1501 743 1527 770 Si
1540 743 1625 770 Petri.
1670 743 1713 770 Fr.
1729 743 1845 770 Iacobus
1870 743 1940 770 diac.

647 786 675 811 et
694 786 763 818 prof.
778 795 802 811 n.
815 795 835 812 c.
874 786 1042 813 Wilhelmus
1062 787 1120 820 pbr.
1135 787 1164 813 in
1184 787 1392 821 Reichersperg.
1431 787 1586 821 Simpertus
1605 786 1681 821 prior
1699 786 1728 813 in
1747 787 1825 813 Seon.

348 828 393 855 IV.
407 828 444 854 id.
512 828 552 855 10.
598 827 646 853 Ob.
662 827 761 854 Petrus
780 828 946 861 Preuhafen,
966 829 1128 856 benefactor
1146 839 1171 855 n.
1209 829 1357 856 Udalricus
1376 830 1409 856 de
1428 829 1548 861 Mellico,
1568 830 1755 864 Wolfgangus
1774 829 1807 856 de
1826 830 1942 856 Mansee

646 871 695 896 cvi.
734 871 899 905 liudolphus
924 874 952 898 et
970 873 1087 899 Ioannes
1110 873 1172 906 pbri
1196 873 1229 898 de
1248 873 1352 899 Altach
1372 872 1506 899 Inferiori.
1544 873 1642 900 Petrus
1668 873 1702 899 de
1721 872 1940 904 Cremsminster,

646 913 776 940 Placidus
805 917 833 941 et
858 915 980 942 Michael
1006 916 1039 942 de
1063 916 1167 942 Altach
1192 916 1317 942 inferiori
1342 916 1410 950 pbri.
1456 916 1595 942 Antonius
1615 925 1655 942 cv.
1675 915 1786 942 ibidem.
1824 916 1941 942 Ioannes

644 956 703 990 pbr.
723 957 756 983 de
781 959 916 992 Augusta.
963 959 993 985 D.
1015 960 1132 986 Ioannes
1155 959 1291 985 Henricus
1315 959 1378 986 abb.
1397 959 1433 986 ad
1458 959 1515 985 Sum
1532 959 1743 992 Lambertumst)
1794 958 1940 993 Casparus,

644 999 815 1031 Matthaeus,
834 1001 995 1028 Leonardus
1014 1002 1076 1036 pbri
1095 1002 1208 1029 ibidem.
1245 1002 1407 1028 Bonifacius
1425 1002 1484 1036 pbr.
1498 1002 1527 1028 in
1545 1002 1674 1028 Admont.
1987 1023 1989 1025 .

343 1042 391 1068 III.
405 1041 441 1067 id.
508 1042 548 1067 11.
594 1040 643 1067 Ob.
659 1042 688 1068 D.
702 1042 859 1070 Fridericus
878 1044 912 1070 de
932 1045 1098 1079 Tegernsee,
1122 1045 1185 1071 abb.
1203 1045 1232 1071 in
1251 1046 1283 1071 SO
1302 1045 1487 1078 Benedicto.⁵)
1525 1045 1658 1079 Aegidius
1686 1045 1745 1079 pbr.
1766 1045 1800 1072 de
1819 1044 1938 1071 Mellico.

646 1087 750 1112 Paulus
769 1087 797 1113 in
817 1087 982 1121 Tegernsee‚
1007 1087 1176 1114 Benedictus
1196 1088 1229 1114 de
1249 1088 1447 1115 Seittenstettn
1466 1088 1534 1122 pbri.
1572 1089 1603 1114 D.
1622 1088 1803 1114 Sebastianus
1822 1087 1885 1114 abb.
1905 1087 1939 1114 de

644 1130 816 1163 Gottwic0.⁸)
866 1131 895 1156 D.
915 1130 1037 1157 Michael
1062 1131 1125 1157 abb.
1146 1131 1179 1157 de
1203 1131 1376 1162 Lambaco.⁷)
1426 1131 1563 1164 Casparus
1587 1131 1646 1165 pbr.
1670 1131 1703 1156 de
1731 1130 1938 1157 Seittenstettn.

645 1173 757 1199 Maurus
777 1174 836 1207 pbr.
851 1174 884 1200 de
903 1174 1022 1200 Mansee.
1060 1173 1175 1200 Ioannes
1195 1174 1330 1208 Georgius
1350 1183 1390 1200 CV.
1406 1174 1438 1200 de
1458 1174 1548 1200 Maria
1567 1174 1634 1200 Cell.
1667 1173 1858 1200 Ferdinandus
1877 1173 1937 1208 pbr.

645 1218 678 1243 de
704 1217 945 1251 Closterneuburg.
968 1205 1147 1243 'Bonifacius
1171 1226 1210 1243 ον.
1232 1218 1268 1244 ad
1291 1218 1347 1244 Sum
1366 1217 1519 1244 Martinum
1543 1217 1570 1243 in
1596 1217 1728 1251 Ungaria.
1774 1217 1939 1243 Franciscus

646 1261 705 1294 pbr.
720 1261 755 1286 ad
775 1260 870 1286 Seotos
890 1259 1021 1286 Viennae.

359 1308 392 1334 II.
406 1307 442 1334 id.
512 1307 550 1333 12.
597 1306 647 1333 Ob.
667 1304 826 1338 Stephanus
854 1305 883 1329 et
908 1302 1125 1336 Christophorus
1150 1303 1210 1336 pbri
1235 1303 1267 1329 de
1293 1303 1453 1337 Salzbnrga.
1501 1303 1636 1337 Georgius
1664 1303 1724 1337 pbr.
1742 1303 1775 1329 de
1802 1303 1937 1337 Augusta.

646 1348 777 1375 Placidus
802 1347 861 1381 pbr.
881 1346 914 1372 de
941 1346 1069 1372 Admont.
1114 1345 1253 1372 Erhardus
1278 1346 1337 1380 pbr.
1358 1346 1470 1373 ibidem.
1517 1346 1661 1378 Placidus,
1680 1347 1797 1373 Ioannes
1820 1346 1881 1380 pbri
1905 1345 1939 1371 de

643 1392 772 1418 Admont.
809 1389 971 1416 Ambrosius
991 1389 1050 1422 pbr.
1065 1388 1093 1414 in
1113 1388 1230 1423 Polling.
1269 1389 1437 1416 Benedictus
1456 1389 1515 1423 pbr.
1530 1389 1566 1416 ad
1586 1389 1642 1415 Sum
1654 1389 1754 1416 Vitum.
1792 1388 1938 1415 Udalricus

645 1435 703 1469 pbr.
719 1434 746 1460 in
765 1433 840 1459 Rott.
879 1431 1061 1458 Corbinianus
1081 1432 1140 1465 pbr.
1155 1431 1266 1458 ibidem.

406 1479 443 1505 id.
510 1479 548 1505 13.
595 1478 644 1504 Ob.
659 1477 808 1503 Baltherus
831 1477 859 1502 et
883 1475 1024 1501 Com-aelus
1048 1475 1109 1508 pbri
1135 1475 1168 1501 de
1188 1474 1353 1500 Ratisbona.
1394 1475 1510 1501 Ioannes
1534 1474 1568 1501 de
1586 1475 1726 1508 Augusta,
1750 1475 1939 1509 VVoIfgangus

646 1521 679 1547 de
699 1521 855 1553 Tegernsee
880 1519 947 1552 pbri.
994 1517 1210 1551 Christophorus
1235 1518 1293 1551 pbr.
1317 1518 1349 1544 de
1374 1517 1592 1544 Cremsminster.
1637 1518 1799 1544 Matthaeus
1825 1518 1884 1551 pbr.
1910 1519 1939 1544 et

644 1572 700 1590 sen.
721 1572 745 1588 n.
765 1572 786 1588 c.
829 1562 951 1587 Andreas
977 1560 1044 1594 prof.
1070 1560 1099 1586 in
1128 1560 1195 1586 Attl.
1239 1560 1360 1586 Adamus
1389 1560 1449 1594 pbr.
1471 1560 1673 1587 Admontensis.
1717 1560 1854 1587 Matthias
1878 1560 1938 1594 pbr.

645 1603 1005 1638 Claustro-Neoburgensis.
1043 1604 1167 1630 Marinus
1186 1604 1245 1637 pbr.
1261 1604 1288 1629 in
1307 1603 1388 1630 Roth.

321 1651 392 1677 XIX.
405 1651 461 1677 kal.
508 1651 548 1677 14.
594 1650 643 1676 Ob.
660 1650 688 1674 D.
703 1648 852 1674 Arhalmus
871 1647 933 1673 abb.
949 1656 972 1672 n.
989 1648 1035 1679 e.⁸)
1068 1647 1165 1673 Petrus
1180 1647 1237 1680 pbr.
1254 1647 1286 1672 de
1301 1647 1516 1674 Creinsminster.
1548 1647 1580 1673 D.
1595 1646 1754 1673 Leonardus
1773 1647 1836 1673 abb.
1851 1656 1875 1672 n.
1891 1647 1937 1678 c.⁹)

645 1691 832 1724 wolfgangus
852 1690 992 1723 quondam
1012 1689 1086 1723 prior
1105 1692 1133 1715 et
1153 1689 1321 1715 camerarius
1340 1699 1364 1715 n.
1386 1698 1406 1715 c.
1449 1690 1543 1716 Sixtus
1562 1689 1620 1723 pbr.
1640 1690 1674 1716 de
1692 1689 1936 1716 Raittenhaslach.

642 1734 776 1768 Iosephus
803 1733 862 1767 pbr.
882 1742 907 1758 n.
926 1741 947 1758 c.
1000 1732 1134 1765 Georgius
1162 1732 1221 1765 pbr.
1243 1734 1272 1758 et
1301 1741 1355 1759 sen.
1377 1733 1410 1758 de
1434 1732 1552 1759 Mansee.
1602 1733 1770 1759 Adalbertus
1799 1733 1858 1766 pbr.
1874 1742 1899 1758 n.
1914 1741 1936 1759 c.

643 1775 1039 1810 Ioannespbr.[lambacensis.
1070 1775 1325 1809 Philippuspbiaiu
1337 1776 1553 1802 Cremsminster.
1578 1776 1745 1802 Benedictus
1755 1775 1936 1809 pbr.ibidem.

292 1831 393 1856 XVIII.
408 1830 464 1856 kal.
511 1831 550 1856 15.
597 1829 646 1855 Ob.
663 1828 841 1855 Leonhardus
861 1828 893 1854 de
914 1828 997 1857 Seou,
1024 1827 1140 1854 Ioannes
1163 1827 1196 1853 de
1215 1827 1328 1854 Mellico
1353 1828 1421 1861 pbri.
1460 1828 1563 1854 Paulus
1582 1836 1622 1854 cv.
1636 1827 1669 1854 de
1688 1827 1848 1862 Salzburga.
1885 1827 1937 1854 Ge-

643 1871 736 1905 orgius
758 1871 816 1905 pbr.
838 1871 864 1896 in
883 1870 1093 1904 Reichersperg.
1125 1870 1259 1903 Georgius
1278 1879 1318 1896 cv.
1333 1870 1367 1897 de
1381 1871 1478 1897 Mettn.
1515 1871 1655 1904 Rupertus
1674 1871 1734 1904 pbr.
1748 1871 1781 1897 de
1800 1871 1831 1896 S0
1846 1870 1937 1897 Petro.

645 1914 762 1941 Thiemo
788 1914 848 1948 pbr.
867 1913 978 1940 ibidem.
1025 1913 1198 1947 Augustinus
1229 1913 1288 1947 pbr.
1308 1913 1337 1939 in
1363 1913 1481 1948 Polling.
1531 1914 1678 1940 Ansehnus
1701 1913 1760 1947 pbr.
1781 1914 1817 1940 ad
1841 1913 1938 1940 scotos

645 1958 776 1984 Viennae.
815 1958 907 1991 Agnes
931 1957 1016 1983 Lucia
1040 1957 1115 1990 profa
1139 1956 1166 1982 in
1186 1956 1352 1990 Niderburg.
1395 1957 1549 1984 Bernardus
1572 1957 1632 1991 pbr.
1649 1957 1676 1983 in
1696 1957 1845 1984 Lambach.
1888 1956 1938 1982 Mi-

644 2001 723 2027 chael
743 2001 802 2034 pbr.
817 2000 845 2026 in
867 2000 1075 2033 Reichersperg.
1112 1999 1255 2025 Marianus
1274 1999 1333 2032 pbr.
1350 1999 1599 2033 Cremiphaneusis.

305 2043 392 2069 XVII.
405 2043 461 2070 kal.
506 2044 546 2069 113.
593 2043 642 2070 Ob.
659 2043 688 2069 D.
705 2044 820 2070 Ioannes
839 2043 953 2076 abb.¹⁰),
978 2043 1114 2069 Osvaldus
1134 2043 1192 2076 pbr.
1207 2043 1240 2068 de
1260 2042 1338 2069 Cella
1360 2043 1469 2069 Mariae.
1501 2043 1638 2069 Matthias
1658 2043 1691 2070 de
1710 2044 1793 2074 Seon,
1814 2043 1937 2069 Christo-

646 2087 748 2120 phorus
768 2086 801 2112 de
821 2086 923 2112 Altaeh
938 2085 1080 2119 Superiori
1099 2085 1167 2119 pbri.
1199 2085 1336 2111 Martinus
1355 2086 1484 2120 supprior
1502 2087 1536 2113 de
1556 2086 1674 2113 Mellieo.
1708 2086 1842 2113 Sebaldus
1861 2085 1937 2119 prior

643 2138 667 2155 n.
683 2138 703 2155 e.
742 2129 772 2155 D.
786 2129 884 2155 Victor
903 2129 964 2155 abb.
986 2129 1019 2154 de
1038 2129 1142 2155 Altach
1162 2128 1335 2161 Inferiori.¹¹)
1371 2129 1509 2155 Martinus
1529 2129 1587 2162 pbr.
1603 2130 1636 2156 de
1656 2129 1817 2155 Formbach.
1855 2128 1937 2155 Sarra

645 2173 721 2205 [ιι-01Ἶ11
744 2173 771 2198 in
795 2172 959 2205 Niderburg.
1004 2171 1108 2198 Vitalis
1131 2172 1190 2205 pbr.
1209 2172 1242 2198 de
1266 2172 1413 2198 Gottwico.
1451 2172 1588 2198 Matthias
1614 2172 1673 2205 pbr.
1693 2172 1723 2198 in
1741 2171 1936 2198 Nideraltach.

644 2215 802 2241 Felicianus
821 2215 879 2248 pbr.
895 2215 923 2240 in
945 2215 1020 2241 Rott.
1058 2214 1227 2240 Fortunatus
1247 2214 1305 2248 pbr.
1321 2214 1542 2241 Cremifanensis.
1575 2215 1692 2241 Ioannes
1710 2215 1770 2248 pbr.
1786 2215 1821 2241 ad
1841 2215 1938 2241 Seotos

644 2257 777 2283 Viennae.

325 2297 396 2324 XVI.
411 2298 465 2324 kal.
512 2300 552 2325 17.
599 2299 647 2326 Ob.
668 2300 709 2326 Fr.
728 2301 843 2327 Ioannes
866 2301 899 2327 de
923 2300 1070 2326 Gottwico.
1115 2299 1248 2326 Nicolaus
1268 2300 1326 2333 pbr.
1346 2299 1379 2326 de
1398 2300 1518 2327 Mansee.
1565 2300 1648 2327 Vitus
1670 2300 1730 2334 pbr.
1748 2301 1781 2327 de
1800 2301 1935 2335 Augusta.

644 2342 802 2376 Stephanus
826 2342 901 2376 prior
933 2343 966 2369 de
990 2343 1093 2370 Altach
1116 2343 1251 2369 Inferiori.
1302 2343 1418 2369 Ioannes
1446 2343 1568 2369 subdiac.
1592 2343 1626 2369 de
1654 2343 1773 2370 Mellieo.
1821 2344 1936 2370 Ioannes

647 2386 856 2418 Chrysostomus
885 2386 1008 2412 subdiac.
1033 2386 1066 2412 de
1094 2386 1196 2412 Altach
1226 2386 1358 2412 inferiori.
1412 2386 1627 2420 Christophorus
1655 2395 1713 2412 can.
1736 2386 1872 2420 regularis
1900 2386 1937 2412 ad

646 2430 701 2453 811111
718 2428 884 2454 Florianum.
929 2428 1096 2455 Benedictus
1121 2429 1180 2462 pbr.
1194 2438 1218 2455 n.
1231 2438 1252 2455 c.
1300 2429 1436 2463 Seraphia
1461 2429 1538 2463 prof&
1562 2429 1590 2455 in
1614 2429 1755 2463 Nunberg.
1805 2429 1936 2456 Placidus

644 2471 701 2503 pbr.
716 2471 744 2496 in
764 2472 899 2506 Priffiing.

392 2544 410 2575 ¹)
432 2543 478 2570 Ol).
490 2554 513 2570 ιι.
526 2549 596 2572 1519.
685 2549 705 2579 ²)
720 2548 795 2574 Fort.
808 2549 833 2574 Ιι.
843 2557 867 2574 n.
883 2549 936 2580 VJ.‚
955 2550 994 2575 ob.
1007 2559 1032 2576 (ι.
1044 2554 1105 2576 1502
1118 2558 1202 2576 mense
1215 2551 1348 2585 Augusto.
1438 2552 1459 2583 ³)
1483 2551 1528 2577 Ob.
1540 2560 1565 2577 a.
1577 2554 1635 2577 982,
1728 2552 1747 2583 ⁴)
1769 2551 1815 2577 Ob.
1828 2560 1853 2578 α.
1867 2554 1935 2578 1638.

288 2586 308 2617 ⁵)
329 2585 405 2611 Fon-t.
420 2586 577 2613 Friderieus
595 2588 626 2614 (Ie
644 2589 877 2623 Benedictheuern,
898 2592 943 2624 qm·
962 2596 1066 2618 (1.1422
1084 2593 1122 2618 ob.
1242 2595 1262 2626 ⁸)
1286 2594 1487 2626 Fort.h.oz.1.,
1506 2595 1553 2627 qm*
1570 2595 1609 2621 ob.
1620 2598 1680 2621 1516
1699 2602 1784 2620 mense
1802 2595 1937 2628 Augusto.

288 2628 308 2657 ⁷)
329 2627 373 2653 Ob.
387 2631 491 2660 a.1534‚
512 2629 565 2655 dies
586 2631 656 2656 varic
675 2632 800 2658 traditam
900 2635 918 2666 ⁸)
939 2635 986 2661 Ob.
999 2644 1024 2661 a.
1036 2638 1109 2662 1203.
1207 2637 1228 2668 ⁹)
1250 2636 1287 2662 H.
1301 2645 1328 2662 u.
1343 2637 1365 2662 Ι.
1384 2636 1489 2663 ridetur
1507 2645 1568 2670 esse,
1588 2637 1626 2664 ob.
1640 2646 1664 2663 (ι.
1677 2640 1748 2663 1434
1766 2637 1869 2663 incerto
1887 2636 1936 2663 die.

234 2683 238 2686 ›
289 2671 321 2701 ¹0)
344 2669 426 2695 Cellae
444 2670 552 2697 Martae
569 2672 592 2699 71.
607 2682 632 2698 η.
650 2674 688 2706 V„
706 2675 743 2701 ob.
754 2678 816 2708 post
835 2685 859 2701 rc.
872 2680 942 2703 1482.
1051 2679 1082 2709 ¹¹)
1105 2678 1149 2705 Ob.
1164 2688 1188 2704 α.
1200 2682 1267 2705 1535.
