2054 2948
731 59 997 87 NECROLOGIUM
1016 62 1234 91 GARSTENSE.
1748 75 1808 105 329

227 144 273 170 IX.
287 144 344 170 kal.
388 143 430 170 24.
474 144 524 170 Ob.
539 144 569 170 D.
584 145 724 171 Com-acius
743 145 806 171 abb.
820 145 848 171 in
868 145 1053 179 Tegernsee.¹)
1086 148 1219 176 Henricus
1240 151 1297 183 pbr.
1312 151 1344 178 de
1364 153 1483 181 Mausee.
1515 155 1545 182 D.
1560 156 1726 184 Benedictus
1745 159 1809 186 abb.

189 450 264 477 vm.
280 451 336 477 kal.

203 802 262 828 VII.
277 803 332 829 kal.

210 1111 259 1138 VI.
273 1112 329 1138 kal.

222 1379 254 1405 V.
268 1379 324 1406 kal.

211 1645 256 1671 IV.
271 1645 326 1671 kal.

204 1911 252 1936 ΙΙΙ.
267 1911 323 1937 kal.

216 2133 250 2159 Π.
265 2133 321 2160 kal.

381 451 421 478 25.

378 803 419 829 26.

373 1380 414 1406 28.

369 1911 410 1938 30.

367 2135 417 2165 31.Ὶ

520 187 553 213 de
576 188 657 219 Atl.²)
700 188 815 214 Ioannes
835 188 895 222 pbr.
914 189 947 216 de
967 189 1186 218 Cremsminster.
1230 193 1272 220 Fr.
1292 194 1380 227 Elias,
1400 196 1528 228 Iacobus,
1558 199 1678 226 Thomas
1701 201 1761 234 pbri
1781 202 1809 228 in

519 230 648 256 Admont.
680 231 796 257 Ioannes
815 236 844 257 et
863 231 944 266 Hugo
963 232 1024 265 pbri
1038 233 1225 261 Glunicenses.
1257 236 1392 271 Georgius
1411 238 1471 272 pbr.
1485 239 1518 266 de
1538 241 1637 268 Suben.
1669 243 1810 271 Romanus

519 272 578 306 pbr.
596 273 624 299 in
645 273 807 307 Tegernsee.
849 274 1013 301 Lambertus
1040 276 1116 309 prior
1134 277 1162 302 in
1184 277 1348 313 Alteuburg.
1390 281 1486 312 (Amor
1503 284 1564 316 pbr.
1583 285 1610 311 in
1631 286 1809 319 Gottweich.)

517 315 606 341 Maria
630 315 783 342 Benedicta
810 316 970 343 Erentrudis
998 319 1074 351 profa
1096 319 1125 345 in
1149 320 1290 355 Nunberg.
1335 322 1472 357 Casparus
1496 325 1556 358 pbr.
1580 326 1608 353 iu
1630 327 1809 356 Oberaltach.

516 358 659 384 Amandus
678 359 738 392 pbr.
752 361 781 385 et
800 359 875 392 prior
894 360 928 386 ad
949 361 1005 386 Sum
1019 361 1124 388 Vituin.
1156 362 1312 390 Fridericus
1332 365 1487 393 Zehentner
1506 377 1531 394 n.
1545 377 1566 394 c.
1584 369 1643 403 pbr.
1675 371 1809 406 Georgius

516 401 576 434 pbr.
591 401 618 427 in
640 401 788 428 Lambach.
825 402 914 429 Maria
933 403 1085 431 Catharina
1104 406 1181 438 prosa
1199 405 1229 431 in
1248 406 1399 435 Chiemsee.

467 451 518 478 Ob.
536 452 670 479 Henricus
690 453 749 486 pbr.
764 453 797 480 de
819 454 980 481 Ratisbona.
1022 455 1179 482 Leouardus
1199 457 1258 490 pbr.
1272 467 1297 484 n.
1312 468 1334 485 c.
1378 460 1514 488 Martinus
1535 471 1576 489 cv.
1590 463 1623 490 de
1644 465 1745 491 Altach
1766 466 1809 492 In-

513 495 615 521 feriori.
660 496 829 523 Benedictus
853 497 913 530 pbr.
933 498 966 524 de
984 497 1146 533 Salzburga.
1184 500 1299 527 Ioannes
1318 504 1409 528 novins
1428 503 1456 529 in
1478 505 1641 539 Tegei-nsee.
1679 507 1709 533 D.
1722 508 1807 534 Wolf-

514 546 622 572 gangus
642 539 705 565 abb.
720 539 753 565 de
774 539 944 571 Lainbaco.³)
976 541 1161 576 Wolfgaugus
1181 543 1241 576 pbr.
1256 543 1289 570 de
1303 545 1406 572 Altaeh
1421 547 1570 581 Superiori.
1603 549 1728 577 Clemens
1747 552 1807 585 pbr.

515 581 549 607 (le
562 581 640 608 Seon.
672 582 831 615 Margareta.
850 583 1044 609 Shaursteiniu
1064 585 1236 612 benefacti-ix
1254 592 1294 612 na.
1327 588 1358 614 D.
1372 589 1489 616 Ioannes
1502 591 1566 618 abb.
1581 592 1807 627 Lambacensis.⁴)

514 624 542 650 P.
558 624 700 651 Cornelius
719 625 752 652 (16
772 625 989 653 Cremsuiinster.
1022 628 1204 655 Corbiniauus
1224 630 1282 662 pbr.
1297 630 1323 656 iu
1339 632 1597 667 Weyhenstephan.
1628 635 1808 664 Sebastianus

517 667 577 700 pbr.
596 670 624 694 et
649 667 828 695 Sebastianus
854 678 895 695 cv,
909 679 935 696 n.
950 679 972 696 c.
1016 670 1093 697 Oddo
1116 671 1176 705 pbr.
1197 672 1232 698 ad
1251 673 1307 698 Sum
1322 674 1473 702 Martinum
1496 677 1523 703 in
1548 678 1700 706 Pannonia.
1740 680 1808 706 ilde-

514 710 636 744 phonsus
656 712 716 744 pbr.
734 712 911 739 Melliceusis.
953 713 981 739 P.
998 714 1141 747 Aegydius
1160 714 1194 741 de
1214 715 1432 745 Cremsminster.
1476 720 1656 747 Gebeharclus
1676 721 1735 755 pbr.
1754 723 1806 749 Ad-

514 754 676 779 montensis.
712 755 848 781 Antonius
867 755 928 789 pbr.
943 755 1162 789 Tegernseensis.
1200 758 1297 785 Petrus
1317 760 1375 793 pbr.
1389 761 1417 787 iu
1438 762 1513 789 Rott.

466 803 516 830 Ob.
541 804 584 831 Fr.
603 805 767 831 Laurentius
794 806 827 832 de
852 806 1045 834 Seittenstetn.
1089 808 1256 836 Benedictus
1284 812 1344 844 pbr.
1363 812 1397 838 de
1420 814 1568 842 Gottwico.
1614 816 1806 851 sigismundus

516 847 576 881 pbr.
595 848 628 874 de
652 848 708 874 Ati.
755 848 941 882 Wolfgangus
969 850 1028 883 pbr.
1048 851 1080 876 de
1106 851 1224 879 Mellieo.
1270 854 1429 888 Stephanus
1452 857 1512 891 pbr.
1530 859 1564 886 de
1589 859 1805 889 Cremsminster.

512 890 633 917 Δ1116111161
654 900 707 923 cv.‚
733 891 853 923 Maurus,
873 892 1060 923 Sebastianus,
1082 894 1197 921 Iacobus
1217 898 1245 922 et
1265 897 1381 924 lacobus
1400 900 1461 933 pbri
1479 903 1507 927 et
1521 901 1668 930 Udalricus
1687 904 1758 931 diac.
1773 906 1806 932 de

513 934 591 959 Cella
610 934 723 960 Mariae.
756 935 933 961 Leouhardus
953 936 1012 969 pbr.
1026 936 1054 962 in
1069 937 1232 971 'sege1·nsee.
1264 940 1447 967 Sebastianus
1467 943 1526 976 pbr.
1541 944 1574 970 de
1588 946 1804 975 Cremsmiuster.

513 977 602 1003 Maria
621 978 764 1004 Gertrudis
783 979 810 1004 in
826 979 1009 1014 Nideruburg.
1042 981 1170 1008 Salomon
1190 983 1249 1016 pbr.
1263 984 1298 1009 ad
1318 984 1373 1009 Sum
1388 985 1555 1013 Florianum.
1586 988 1725 1022 Casparus
1744 992 1803 1024 pbr.

512 1020 623 1046 ibidem.
664 1021 820 1054 Leopohlus
840 1022 898 1055 pbr.
917 1023 1138 1051 Cremifanensis.
1183 1026 1260 1052 oddo
1284 1027 1343 1060 pbr.
1362 1027 1388 1053 iu
1411 1028 1572 1057 Formbach.
1610 1031 1699 1059 Maria
1718 1033 1805 1060 Bene-

512 1062 587 1089 dicta
607 1064 682 1096 prosa
700 1063 727 1089 in
748 1064 881 1098 Nunberg
900 1065 1064 1100 Salisburgi.

410 1133 416 1139 .
462 1113 512 1140 Ob.
531 1113 699 1141 Benedictus
718 1116 778 1149 pbr.
796 1116 829 1142 de
850 1118 928 1142 Seon.
970 1119 1104 1152 Georgius
1133 1128 1173 1146 εν.
1191 1120 1224 1146 de
1244 1121 1346 1148 Altach
1372 1123 1506 1150 Inferiori.
1543 1126 1666 1153 Adamus
1691 1129 1751 1162 pbr.
1771 1131 1804 1157 de

512 1157 582 1183 Attl.
619 1158 792 1184 coelestinus
819 1159 878 1192 pbr.
897 1160 931 1186 de
950 1160 1053 1187 Altach
1074 1162 1209 1188 Inferior-i.
1248 1165 1365 1191 loannes
1390 1165 1459 1191 diac.
1478 1167 1511 1193 de
1531 1168 1634 1195 Altach
1654 1170 1803 1205 Superiori.

511 1200 608 1226 Petrus
627 1201 660 1227 de
680 1201 891 1229 Cremsminster
910 1203 992 1237 prior.
1030 1204 1142 1230 Gabriel
1162 1208 1190 1231 et
1210 1206 1350 1233 Conradus
1370 1209 1430 1241 pbri
1451 1210 1637 1238 olunicenses.
1675 1214 1706 1240 D.
1721 1214 1803 1242 Caro-

510 1244 551 1270 lus
566 1244 723 1278 stengelius
737 1246 800 1272 abb.
816 1247 980 1274 Anhusauus
989 1249 1017 1280 Β),
1037 1250 1104 1282 prof.
1119 1249 1194 1283 apud
1208 1250 1264 1275 S¹¹¹¹¹
1280 1251 1439 1278 Udalricum
1455 1255 1606 1287 Augustae.
1638 1255 1803 1285 Laurentius

508 1287 567 1320 pbr.
581 1287 694 1314 ibidem.
724 1288 768 1316 Fr.
782 1289 946 1316 Laurentius
967 1300 1006 1317 ον.
1021 1291 1054 1318 de
1075 1292 1316 1327 Closterneuburg.
1355 1295 1517 1323 Franciscus
1537 1298 1596 1331 pbr.
1613 1300 1641 1325 et
1660 1300 1751 1326 senior
1769 1301 1802 1328 (16

510 1329 628 1363 Polliug.
665 1331 793 1365 ignatius
813 1333 872 1365 pbr.
886 1333 921 1359 ad
939 1333 996 1359 Sum
1011 1334 1153 1362 Zenonem.

461 1380 509 1407 Ob.
528 1381 695 1415 Pangratius
723 1382 793 1410 diac.
811 1384 844 1410 de
870 1385 991 1412 Mellico.
1043 1386 1073 1412 D.
1094 1387 1208 1413 loannes
1231 1388 1293 1414 abb.
1314 1389 1347 1414 de
1372 1390 1506 1423 Augusta.
1553 1392 1689 1425 Georgius
1712 1402 1753 1419 ον.
1773 1394 1801 1420 in

507 1424 670 1457 Tegernsee.
707 1425 738 1451 D.
757 1426 879 1454 Michael
900 1428 963 1454 abb.
984 1438 1008 1454 n.
1022 1430 1069 1459 (κθ)
1106 1431 1137 1455 D.
1152 1430 1287 1464 Georgius
1310 1440 1388 1465 ppos.
1407 1432 1440 1458 (16
1462 1433 1697 1469 116101161ἐρ61·,ε.ζ.7)
1734 1436 1802 1463 Otto

510 1467 685 1498 Lonstorffer,
706 1468 867 1496 benefactor
885 1480 911 1496 n.
948 1471 1114 1498 Laurentius
1133 1473 1166 1500 (16
1186 1474 1290 1500 Altach
1312 1475 1447 1501 Inferiori.
1480 1477 1595 1502 loannes
1615 1485 1655 1503 ον.
1671 1477 1703 1504 (16
1724 1478 1801 1504 Rait-

507 1510 680 1537 tenhaslaeh.
715 1512 853 1538 Romanus
873 1513 948 1547 prior
967 1514 994 1540 in
1008 1515 1171 1548 Tegernsee.
1208 1517 1322 1543 Carolus
1343 1518 1401 1551 pbr.
1417 1519 1444 1544 in
1466 1519 1594 1545 Admont.
1625 1520 1740 1547 Ioannes
1761 1530 1801 1548 cv.

507 1553 581 1587 apud
601 1554 696 1580 Scotos
717 1555 850 1582 Viennae.
887 1557 1022 1592 Georgius
1040 1559 1100 1592 pbr.
1121 1558 1150 1584 in
1170 1559 1281 1586 Gleink.
1319 1561 1393 1587 Beno
1413 1562 1472 1595 pbr.
1487 1562 1514 1588 in
1535 1562 1801 1597 Weichenstephan.

509 1596 625 1622 Iacobus
644 1605 684 1624 CV.
699 1597 1036 1633 Claustroneoburgensis.
1074 1601 1237 1628 Franciscus
1257 1603 1316 1636 pbr.
1330 1604 1358 1629 in
1378 1604 1454 1631 Rott.

408 1667 414 1673 .
459 1646 509 1673 Ob.
524 1647 660 1673 Martinus
680 1658 720 1674 cr.
735 1650 767 1676 de
788 1650 889 1676 Altacl]
904 1651 1039 1678 Inferiori.
1073 1652 1102 1679 D.
1116 1654 1278 1680 Ambrosius
1292 1655 1354 1681 abb.
1371 1655 1403 1682 de
1417 1656 1448 1682 S⁴³
1463 1656 1642 1690 Emeramofl)
1674 1659 1705 1686 D.
1717 1661 1800 1694 Aegi-

507 1690 569 1716 dius
589 1691 651 1717 abb.
666 1691 692 1717 in
714 1693 837 1725 Mettnst)
870 1694 986 1720 Ioannes
1005 1695 1038 1721 de
1058 1696 1161 1722 Altach
1175 1696 1325 1730 Superiori.
1357 1698 1572 1732 Christopliorus
1592 1701 1652 1734 pbr.
1666 1710 1698 1728 ex
1713 1704 1800 1729 mon¹¹0

508 1734 528 1758 si
542 1733 665 1760 Zenonis.
701 1735 817 1762 Ioannes
836 1735 895 1769 pbr.
914 1737 942 1762 in
963 1737 1071 1763 Gleink.
1109 1739 1218 1764 Marcus
1237 1740 1325 1770 deon)
1345 1741 1379 1766 de
1399 1742 1640 1777 Closterneuburg.
1679 1744 1800 1771 Thomas

507 1784 548 1801 cv.
563 1776 592 1801 in
613 1776 831 1804 Cremsniinster.
870 1779 1016 1813 Dionysius
1036 1781 1094 1813 pbr.
1114 1782 1148 1807 ad
1169 1782 1304 1812 Quercum
1326 1783 1493 1810 inferiorem.
1532 1786 1619 1812 Maria
1639 1786 1800 1814 Erentrudis

507 1818 584 1852 profe
606 1818 633 1844 in
654 1819 788 1854 Nunberg
807 1821 970 1856 Salisburgi.
1012 1824 1178 1850 Ber-tholdus
1202 1825 1261 1858 pbr.
1283 1826 1310 1851 in
1332 1826 1525 1854 Seittenstetn.
1562 1829 1705 1856 Amandus
1724 1830 1799 1864 prior

506 1863 533 1887 et
553 1861 643 1887 senior
661 1862 696 1888 ad
715 1862 813 1889 Scotos
833 1864 964 1891 Viennae.

457 1911 507 1938 Ob.
522 1912 551 1938 D.
565 1913 701 1940 Melchior
720 1914 782 1940 abb.
797 1915 830 1941 (16
844 1917 979 1949 Augusta.
1011 1917 1104 1944 Simon
1125 1919 1184 1952 pbr.
1199 1920 1232 1945 de
1252 1920 1329 1946 Seon.
1361 1921 1546 1948 Coloniaunus
1560 1923 1643 1956 prior,
1663 1925 1798 1960 Georgius

506 1964 546 1981 ον.
561 1956 594 1981 (16
608 1956 727 1983 Mellico.
763 1958 875 1984 Carolus
890 1959 959 1985 diac.
975 1960 1007 1986 de
1021 1960 1182 1995 Salzburga.
1214 1962 1244 1989 D.
1258 1963 1439 1990 Sebastianus
1458 1965 1513 1991 abb
1536 1966 1568 1992 de
1588 1967 1696 2000 Attl.¹⁰)
1728 1968 1798 1994 Cris-

505 1999 639 2032 topliorus
663 2000 779 2026 clericus
805 2001 838 2027 de
858 2002 1099 2037 (ss'losterneuburg.
1139 2004 1314 2032 Scholastica
1338 2009 1412 2040 profe
1437 2007 1464 2033 in
1485 2008 1619 2043 Nunberg
1642 2009 1797 2046 Salzburgi.

505 2042 647 2067 Amandus
667 2043 726 2076 pbr.
744 2043 778 2069 de
798 2044 918 2070 Mellico.
956 2046 1120 2073 Laurentius
1146 2047 1204 2081 pbr.
1222 2048 1248 2074 in
1270 2049 1512 2084 Closterneuburg.
1551 2052 1717 2080 Benedictus
1737 2055 1797 2088 pbr.

506 2086 534 2110 et
554 2085 692 2117 quondam
713 2086 788 2119 prior
806 2087 833 2112 in
854 2088 1073 2115 Michaelbeurn.
1111 2090 1271 2117 Dominicus
1293 2092 1506 2126 'I'egernseeusis
1526 2095 1586 2128 pbr.

453 2134 503 2161 Ob.
518 2136 656 2169 Agupitus
676 2137 735 2171 pbr.
754 2138 787 2165 (16
808 2139 1026 2167 Cremsminster.
1063 2142 1198 2176 Georgius
1217 2143 1346 2176 supprior
1369 2145 1402 2171 (16
1423 2145 1585 2172 Ratisbona.
1622 2147 1741 2173 Demuth
1762 2149 1796 2175 de

504 2179 566 2205 Pffls
593 2180 668 2212 prof-¹
687 2181 715 2206 in
735 2181 870 2215 Nunberg
889 2183 1053 2218 Salis—burgi.
1085 2185 1272 2215 Innocentius.
1292 2186 1448 2216 Zacharias,
1468 2189 1562 2215 Simon
1582 2193 1610 2216 et
1623 2190 1796 2217 Herculanus

504 2221 564 2254 pbri
584 2223 617 2248 de
631 2223 840 2259 Reichersperg.
873 2226 993 2253 Thomas
1014 2228 1072 2260 pbr.
1091 2228 1268 2255 Mellicensis.
1300 2230 1495 2264 Cristophorus
1513 2233 1547 2258 de
1561 2232 1714 2259 Formbach
1735 2234 1795 2267 pbr.

504 2264 593 2290 Maria
607 2265 768 2293 Mechtildis
782 2268 859 2301 prosfl
878 2268 906 2294 iu
921 2269 1052 2296 Kiebach.
1086 2271 1116 2297 D.
1132 2272 1268 2298 Antonius
1288 2273 1315 2298 in
1330 2273 1512 2300 Mallerstorff
1527 2275 1629 2307 abb.¹¹)
1662 2276 1796 2302 Eusebius

504 2307 562 2340 pbr.
577 2308 609 2334 de
630 2309 748 2344 Polling.
785 2311 952 2339 Benedictus
972 2313 1031 2346 pbr.
1046 2313 1332 2342 Benedictoburunus.

245 2455 270 2483 ὃ)
290 2452 360 2481 ,dec.‘
380 2461 458 2478 manu.
476 2456 614 2481 recentiore
632 2457 840 2489 superscriptum.

247 2546 265 2577 ¹)
285 2545 322 2571 H.
338 2553 364 2572 n.
381 2545 419 2579 11,
439 2546 477 2573 ob.
491 2556 515 2573 a.
527 2552 597 2575 1492.
724 2551 743 2583 2)
767 2550 811 2577 Ob.
827 2560 851 2577 a.
863 2555 929 2578 1569.
1054 2554 1073 2584 3)
1097 2552 1142 2579 Ob.
1158 2557 1264 2580 ((1585.
1384 2556 1404 2586 ⁴)
1426 2554 1461 2580 H.
1477 2563 1502 2580 n.
1520 2554 1613 2587 UH„
1634 2556 1672 2582 ob.
1685 2564 1710 2582 a.
1723 2559 1791 2583 1638.

142 2587 162 2618 ε’)
186 2586 233 2613 Ob.
249 2591 359 2614 a.1648.
481 2591 502 2621 ⁸)
523 2589 566 2616 Ob.
581 2594 688 2618 a.135-.>.
814 2594 834 2625 ⁷)
858 2594 952 2620 Utrum
966 2595 988 2621 Ι.
1003 2603 1038 2620 (ιιι
1060 2595 1109 2628 IL,
1132 2596 1259 2621 incertum
1279 2599 1322 2622 est.
1448 2600 1469 2629 ⁸)
1490 2597 1526 2623 H.
1542 2606 1567 2623 n.
1579 2598 1610 2630 1.,
1630 2598 1668 2624 ob.
1682 2603 1791 2625 a.153.3.

141 2630 162 2662 ⁹)
187 2630 232 2656 Ob.
247 2634 351 2664 a.1595,
371 2631 425 2658 (lies
445 2633 516 2658 varie
534 2634 659 2660 traditur.
769 2638 800 2667 l⁰)
825 2636 870 2662 011.
885 2641 994 2664 <1.1547.
1103 2639 1134 2671 1¹)
1156 2638 1201 2665 Ob.
1217 2642 1318 2665 s‹.1695.

243 2724 328 2752 NEcR.
340 2726 508 2752 Arniensem.
522 2734 569 2754 etc.
1550 2734 1583 2759 42
