2054 2948
337 177 383 202 IV.
398 185 458 202 non.
512 177 536 202 4.

333 330 380 356 ΙΙΙ.
394 338 457 356 non.
511 331 533 355 5.

350 483 383 509 II.
397 491 458 509 nou.
514 484 536 509 6.

394 1208 459 1226 non.
513 1198 536 1225 7.

310 1336 383 1362 VIII.
399 1336 436 1361 id.
519 1336 542 1360 8.

327 1593 387 1619 VII.
401 1593 436 1618 id.
519 1593 542 1618 9.

335 1900 381 1926 IV.
395 1900 431 1926 id.
498 1900 537 1925 1¹2.

353 2156 386 2181 II.
401 2156 435 2182 id.
502 2157 541 2182 14.

396 2208 432 2234 id.
500 2207 539 2233 15.

883 83 1066 110 DIOECESIS
1086 82 1307 109 LENTIENSIS.

581 171 687 201 Wfflfl
710 181 790 211 puer
812 169 957 201 Hainrici
981 180 1032 200 am
1057 168 1194 200 Gestett.
1240 166 1408 198 Elizabeth
1432 166 1498 197 filia
1517 166 1626 207 Veyal.
1669 166 1796 198 Ulricus
1820 166 1920 197 frater

630 221 740 253 Georii
768 221 843 252 dicti
868 221 982 261 Veyal.
1028 220 1180 251 Erasmus
1209 219 1312 249 dictus
1335 218 1441 258 Veyol
1466 218 1516 249 ob.
1538 219 1569 248 in
1594 217 1645 248 die
1669 217 1782 248 Prothi
1812 221 1844 249 et
1867 217 1918 248 Ia-

629 274 733 304 cincti.

580 324 723 367 Djmuet
740 323 937 363 Cecusinn.==)
976 324 1035 353 Ao.
1052 322 1091 353 Di
1107 324 1187 353 1459
1204 321 1265 351 hac
1283 321 1334 352 die
1359 320 1409 351 ob.
1432 331 1497 351 rev.
1515 331 1544 361 p.
1568 323 1600 351 et
1619 320 1659 351 D.
1683 320 1722 351 D.
1740 320 1920 352 Anthonius

632 377 671 407 de
695 375 877 414 Rotenhan,
902 385 967 415 eps.
987 373 1075 404 ecclie
1092 373 1350 414 Bambergensis.
1392 372 1452 403 Ob.
1471 371 1508 402 fr.
1524 371 1695 403 Heinricus
1719 382 1764 403 cv.
1784 375 1815 403 et
1837 372 1919 413 prof.

630 427 722 458 monii
738 426 979 465 Lambacensis‚
1004 425 1058 455 cfr.
1076 435 1116 464 n,
1143 426 1230 454 1496.

584 478 713 510 Ortolf
748 488 804 508 am
839 476 957 507 Gries.
1021 475 1233 506 Hainreich
1269 475 1333 505 der
1368 475 1551 515 Lipplinn
1588 474 1691 505 chint
1731 485 1787 505 am
1825 473 1940 505 Ekk.v

633 528 866 569 Ohfinigund.
926 527 1068 558 Alhait.
1131 526 1297 556 Thomas
1339 526 1463 556 dictus
1497 525 1709 556 Heri-§utel
1744 536 1800 557 am
1834 525 1919 557 Hof.

632 580 847 611 Notandum
881 582 951 617 est,
985 577 1083 619 quod
1113 577 1286 608 homines
1309 577 1339 607 h.
1357 577 1472 607 vallis
1497 576 1700 608 Gestental
1724 577 1921 608 annuatim

632 632 804 672 proxima
834 630 932 660 feria
962 629 1129 659 secunda
1161 631 1247 659 ante
1278 628 1378 659 diem
1412 628 1647 659 ascensionis
1670 628 1713 659 Di
1737 629 1921 660 consweti

632 686 716 713 sunt
746 681 947 712 celebrare
979 680 1118 711 festum
1154 679 1180 710 si
1206 680 1357 710 Ottonis
1388 680 1622 711 confessoris
1651 683 1768 721 atque
1798 681 1920 721 ponti-

630 734 731 772 ficis,
764 733 825 773 qui
849 731 1123 772 Bambergensi
1147 731 1304 762 civitate
1329 731 1574 762 canonizatus
1604 735 1674 771 est7
1704 732 1808 762 cuius
1831 741 1920 762 vero

633 785 770 815 festum
817 783 958 814 ibidem
1003 792 1190 823 peragere
1226 782 1376 813 videtur
1415 783 1449 813 in
1485 784 1654 813 crastino
1689 782 1922 814 Michahelis

632 834 864 875 archangeli.
905 834 1061 864 Scilicet
1084 833 1226 873 dicunt,
1252 833 1352 874 quod
1378 835 1425 864 sit
1449 834 1532 875 pius
1554 834 1652 875 apud
1677 833 1785 865 deum
1805 834 1922 865 inter—

635 897 764 917 cessor
787 889 824 916 et
847 888 1018 927 segetum
1043 888 1222 926 terreque
1239 886 1481 916 nascencium
1507 885 1695 926 benignus
1718 888 1922 927 protector,

632 937 731 978 quod
756 936 937 967 fideliter
961 935 1192 967 credendum
1220 939 1287 967 est.
1339 936 1509 977 Ideoque
1538 941 1579 968 ut
1603 939 1737 967 cuncta
1760 937 1790 967 h.
1808 937 1924 968 vallis

632 992 733 1019 terre
759 988 960 1019 nascencia
983 998 1002 1018 a
1023 987 1208 1028 grandine
1234 991 1270 1018 et
1292 991 1525 1028 tempestate
1550 988 1818 1019 favorabiliter
1841 999 1922 1029 pre-

634 1040 738 1070 fatus
769 1051 791 1070 s.
815 1040 902 1070 Otto
928 1039 1107 1079 dignetur
1131 1039 1341 1080 custodire,
1367 1040 1446 1070 eius
1472 1050 1620 1081 quoque
1644 1040 1782 1071 festum
1805 1051 1924 1082 usque

633 1091 678 1122 ad
706 1091 895 1132 prefatam
925 1090 1059 1121 feriam
1090 1091 1292 1122 secundam
1324 1091 1404 1121 fore
1434 1090 1648 1121 dinoscitur
1670 1092 1924 1132 anticipatum

634 1146 700 1174 otc.
748 1142 809 1173 ob.
828 1143 983 1174 Katerina
1007 1132 1082 1173 suin
1109 1144 1198 1173 1489.

583 1194 643 1224 Ob.
667 1193 826 1234 Georgius
858 1193 996 1225 Οτι-011161
1026 1205 1074 1225 110.
1098 1197 1157 1225 etc.
1178 1194 1299 1234 <14>52.
1354 1199 1405 1224 Ao.
1431 1193 1462 1224 Di
1480 1200 1533 1224 etc.
1553 1197 1619 1224 1530
1642 1198 1686 1225 ob.
1704 1199 1878 1226 honorabilis
1897 1201 1926 1226 et

635 1244 781 1278 religiosus
805 1244 835 1270 fr.
852 1245 1018 1271 Laurencius
1045 1245 1204 1276 Veiehtner,
1223 1244 1291 1277 prof.
1310 1245 1390 1270 monii
1415 1245 1434 1269 si
1450 1244 1561 1271 Nicolai
1585 1244 1611 1269 in
1631 1244 1777 1276 Rotnman⁷
1798 1245 1859 1271 VII.
1879 1245 1924 1272 die

634 1287 699 1314 Mai.
721 1287 797 1313 cuius
816 1295 840 1313 a.
853 1287 904 1313 deo
916 1297 939 1312 v.

590 1331 650 1361 Ob.
668 1330 865 1361 honorabilis
889 1331 949 1361 vir.
981 1330 1020 1360 D.
1039 1330 1198 1361 Stcffanus
1222 1330 1425 1371 Pirchinger.
1454 1330 1507 1371 qui
1531 1330 1703 1371 aliquando
1729 1330 1787 1362 fuit
1810 1332 1868 1362 vic.
1894 1332 1926 1362 in

636 1382 736 1412 Gx‘istn
766 1386 797 1412 et
828 1393 885 1422 per
912 1383 1034 1423 aliquot
1062 1392 1161 1412 annos
1189 1382 1340 1412 infirmus.
1395 1381 1539 1412 Tandem
1564 1383 1762 1422 suscepimus
1786 1393 1859 1413 eum
1883 1383 1925 1414 ad

636 1444 701 1463 nos.
750 1433 809 1464 Ob.
835 1444 909 1464 vero
935 1438 1047 1464 octava
1071 1433 1122 1464 die
1147 1434 1265 1463 mensis
1288 1433 1365 1463 Maii
1393 1443 1442 1463 ao.
1466 1433 1585 1473 (tame.
1632 1433 1664 1463 Is
1688 1434 1789 1464 eciam
1815 1445 1925 1466 omnes

637 1484 763 1515 codices
786 1495 823 1514 ac
847 1485 945 1515 libros
968 1496 1042 1515 suos
1067 1488 1098 1515 et
1113 1485 1267 1525 reliquam
1293 1484 1404 1525 (super
1421 1484 1597 1525 debitores)
1613 1485 1750 1526 collegio
1775 1490 1809 1516 11Ο
1826 1485 1925 1527 dedit,

637 1537 724 1566 cuius
743 1547 770 1567 a.
786 1536 847 1566 deo
863 1537 882 1567 i.
901 1547 926 1567 e.
941 1547 968 1566 V.

589 1588 648 1618 Ob.
667 1588 798 1618 maister
818 1579 959 1621 lereich,
985 1588 1041 1619 der
1064 1588 1124 1628 hye
1147 1589 1242 1629 lange
1263 1589 1325 1619 zeit
1348 1588 1453 1618 khoch
1478 1589 1518 1618 ist
1541 1598 1690 1629 gewesen
1713 1588 1777 1619 und
1799 1588 1924 1629 pfri'mt·

635 1638 701 1677 ner,
726 1650 774 1670 ao.
792 1639 830 1670 Di
851 1642 940 1670 1427.
981 1639 1040 1669 Ob.
1058 1640 1173 1670 Petrus
1196 1639 1279 1670 filius
1301 1639 1443 1669 Heinrici
1469 1638 1584 1680 Steger
1607 1649 1657 1670 ao.
1674 1638 1713 1669 Di
1733 1642 1823 1671 1433.
1864 1641 1923 1672 Ob.

635 1690 771 1721 Georius
799 1691 978 1721 Komz'iwsz.
1041 1691 1101 1723 Ob.
1127 1691 1267 1721 Thomas
1302 1690 1404 1721 dictus
1439 1690 1614 1721 Smiiwszer
1645 1701 1693 1722 ao.
1719 1695 1778 1722 etc.
1803 1692 1923 1732 <14>59.

636 1742 695 1773 Ob.
714 1742 751 1772 D.
770 1742 929 1779 Matheus.
954 1753 994 1772 m.
1014 1743 1043 1772 111
1069 1742 1362 1777 Krembsmfinster.
1387 1742 1442 1772 cfr.
1461 1753 1501 1781 n.⁷
1526 1752 1574 1772 ao.
1594 1745 1652 1773 etc.
1672 1744 1763 1773 1477.

536 1818 540 1822 .
587 1794 646 1823 Ao.
665 1793 702 1823 Di
726 1795 802 1823 1490
828 1793 876 1823 ob.
896 1793 935 1823 D.
954 1793 1122 1824 Oswaldus
1140 1794 1267 1834 NVeyss,
1292 1793 1366 1824 olim
1391 1804 1458 1824 can.
1477 1793 1507 1824 h.
1525 1793 1662 1834 collegii.
1710 1793 1770 1825 Ob.
1788 1794 1926 1826 Georius

636 1845 717 1874 filius
742 1844 896 1885 Stephani
920 1844 1025 1875 Fabri.

584 1895 644 1926 Ob.
671 1896 856 1936 Margareta
886 1896 957 1926 filia⁴
982 1896 1092 1927 Iacobi
1123 1906 1174 1927 am
1204 1896 1273 1927 Hof
1298 1897 1348 1927 vel
1377 1897 1419 1926 im
1450 1896 1551 1927 Rewt
1605 1896 1688 1927 Item
1714 1895 1924 1937 Chfinegund,

637 1946 839 1983 Chfinradus,
874 1947 1050 1983 Iohannes,
1088 1947 1262 1988 Nycolaus.
1299 1947 1491 1981 Katherina.
1526 1947 1582 1977 filii
1614 1946 1725 1977 Iacobi
1758 1948 1802 1978 im
1832 1948 1927 1980 Rewt

635 1998 686 2028 vel
710 2008 761 2028 am
779 1998 853 2029 Hof.
893 1999 975 2029 111111
992 1999 1148 2029 Ienszlein
1173 1998 1254 2029 filius
1279 1999 1335 2029 des
1351 1999 1475 2029 Vietels
1492 1997 1559 2029 auff
1579 1998 1802 2029 Polczeszeck.
1841 1999 1925 2030 Item

635 2049 842 2090 Margaretha
874 2050 924 2080 ob.
952 2054 984 2080 et
1014 2051 1154 2080 omnium
1179 2054 1428 2080 antecessorum.
1486 2049 1661 2089 Frydreich
1684 2048 1742 2080 der
1766 2050 1868 2082 Tekel
1893 2055 1926 2083 et

637 2100 812 2131 Katherina
836 2112 888 2131 ux,
907 2101 965 2131 dez
989 2101 1131 2132 Iiikleins
1155 2105 1244 2132 vater
1267 2101 1330 2131 und
1355 2101 1460 2131 muter
1484 2111 1534 2130 am
1560 2100 1636 2131 Hof.

587 2151 775 2192 ¹³)Martinus
799 2152 882 2182 filius
906 2152 1089 2193 Spitznagel
1116 2153 1165 2183 ob.

585 2203 763 2234 Alhaidis
796 2204 880 2233 filia
915 2203 1098 2235 Garronis
1133 2205 1187 2235 ob.
1215 2214 1267 2234 ac.
1296 2205 1398 2234 1349.
1457 2204 1516 2233 Ao.
1539 2203 1577 2233 Di
1602 2206 1660 2233 etc.
1683 2205 1773 2243 1530,
1808 2206 1853 2234 15.
1873 2204 1925 2234 die

634 2255 752 2285 mensis
776 2254 866 2288 Maii.
892 2265 952 2296 que
977 2255 1037 2285 fuit
1060 2255 1219 2286 dominica
1243 2254 1390 2293 Cantate,
1416 2253 1467 2284 ob.
1485 2253 1680 2284 honorabilis
1703 2253 1742 2284 D.
1764 2254 1926 2285 Steffanus

636 2306 741 2336 Plfiml
774 2306 813 2336 de
843 2306 1031 2347 Moseburg‚
1064 2317 1128 2337 sen.
1155 2316 1221 2337 can.
1244 2306 1274 2336 11,
1296 2305 1437 2346 collegii,
1472 2306 1526 2346 qui
1554 2305 1685 2336 missam
1715 2305 1794 2346 legit
1823 2316 1924 2346 usque

636 2360 707 2396 post
730 2357 911 2387 sambatum
942 2362 974 2387 et
997 2357 1200 2387 ascendendo
1226 2356 1397 2387 ambonem
1421 2356 1567 2397 predicat
1596 2359 1628 2386 et
1650 2356 1733 2386 inter
1756 2356 1924 2397 predican-

636 2407 711 2438 dum
729 2408 914 2438 debilitatus
933 2408 983 2438 ob.
1003 2412 1034 2439 et
1051 2409 1157 2439 statim
1174 2409 1204 2438 in
1222 2408 1421 2438 habitatione
1439 2407 1501 2443 ob..
1526 2409 1614 2438 cuius
1631 2418 1659 2438 a.
1674 2407 1735 2438 deo
1748 2418 1776 2437 v.
1808 2408 1923 2438 Amen.

636 2459 695 2489 Ille
721 2460 821 2490 eciam
847 2459 935 2490 dedit
959 2461 1139 2500 peccarium
1156 2463 1345 2500 argenteum
1369 2459 1452 2490 intus
1477 2458 1666 2490 deauratum
1689 2458 1731 2489 ad
1751 2459 1923 2499 collegium

636 2514 703 2539 nnn]-

382 2653 405 2683 a)
424 2653 554 2677 Zekusinn
573 2654 717 2678 avsn'nctmu
743 2659 764 2679 εἰ
784 2656 910 2680 Cecusinn
930 2662 1069 2681 correctum
1095 2662 1137 2681 est.
1279 2656 1303 2688 b)
1324 2656 1457 2681 Praecedit
1477 2664 1582 2686 rasura,
1605 2664 1656 2686 qua
1680 2659 1741 2680 nota
1763 2655 1823 2686 festi
1841 2655 1925 2680 colore

280 2695 357 2719 rubro
377 2695 491 2726 inscripti
510 2696 632 2720 emuncta
650 2701 692 2721 est.
