2054 2948
258 87 319 117 334
871 75 1055 104 DIOECESIS
1075 73 1297 101 LENTIENSIS.

383 176 444 194 non.
499 167 522 193 7.
569 165 619 192 Ob.
633 166 665 191 D.
678 163 850 198 Augustinus
870 162 971 194 abb.¹)‚
990 161 1175 194 Wolfgangus
1194 159 1253 192 pbr.
1274 158 1306 184 de
1325 157 1446 184 Mellico.
1487 156 1637 188 Antonius,
1656 156 1773 182 Ioannes
1791 155 1853 189 pbri
1872 154 1909 181 de

618 205 835 234 Cremsminster.
871 205 987 231 Ioannes
1005 204 1065 237 pbr.
1079 203 1113 229 de
1132 201 1209 228 Cella
1227 200 1341 227 Mariae.
1378 199 1496 226 Iacobus
1514 199 1575 233 pbr.
1588 199 1622 225 de
1640 199 1761 225 Mansee.
1794 198 1910 224 Ioannes

618 259 643 276 n.
664 258 685 275 c.
709 249 769 282 pbr.
789 250 817 275 et
839 247 937 274 senior.
983 246 1119 279 Casparus
1147 244 1206 278 pbr.
1226 243 1255 269 in
1279 243 1444 269 Formbaeh.
1490 242 1520 268 D.
1535 242 1659 275 ‘Ioannes
1682 241 1746 268 abb.
1768 242 1910 267 Scotorum

617 292 795 320 Ratisbonae.
827 291 858 317 D.
874 289 1057 316 Corbinianus
1072 288 1136 314 abb.
1150 287 1177 313 in
1192 286 1348 320 Scheyrn.²)
1379 285 1563 319 ildephonsus
1582 285 1641 319 pbr.
1657 283 1910 318 Cremiphanensis.

619 336 649 362 P.
663 334 812 361 Adalarius
826 332 968 360 Rottensis
987 332 1047 365 pbr.
1077 330 1264 364 Wolfgangus
1283 328 1342 362 pbr.
1357 328 1386 354 in
1398 328 1664 362 Weichenstephan.
1701 327 1807 354 Ioanna
1826 326 1910 353 Fran-

620 378 693 404 cisca
714 377 789 410 prosa
807 376 835 402 in
853 375 1051 402 Hochenwart.
1089 372 1252 399 Franciscus
1272 371 1331 405 pbr.
1345 370 1524 398 Mellicensis.

293 424 367 450 VIII.
382 423 417 449 id.
500 422 524 448 8.
569 421 619 448 Ob.
635 421 665 447 D.
679 419 814 454 Georgius
833 419 896 445 abb.
915 417 948 444 de
967 415 1140 448 Gottwico.³)
1176 414 1297 441 Michael
1316 414 1376 448 pbr.
1394 414 1428 440 de
1447 413 1662 440 Cremsminster.
1699 412 1833 439 Paulinus
1852 412 1913 446 pbr.

620 464 651 489 in
669 463 832 496 Tegernsee.
869 461 985 486 Ioannes
1004 458 1080 492 prior
1105 459 1134 484 et
1152 457 1363 484 administrator
1381 456 1476 484 Cellae
1493 456 1608 483 Mariae.
1645 456 1763 482 Ioannes
1782 455 1842 489 pbr.
1861 455 1914 481 ibi-

621 506 690 532 dem.
732 504 872 531 Conradus
898 511 939 528 ον.
955 501 1129 528 Hilarieusis.
1173 500 1354 527 Sebastianus
1377 499 1438 533 pbr.
1456 500 1485 526 et
1510 499 1576 526 olim
1600 498 1729 533 supprior
1752 498 1786 525 de
1809 497 1914 524 Altach

620 547 768 582 Superiori.
800 545 889 572 Maria
901 544 1026 571 Antonia
1043 552 1095 569 sor.
1108 544 1133 569 la
1152 543 1180 569 in
1194 543 1328 577 Nunberg
1340 542 1504 577 Salisburgi.
1535 541 1670 576 Aegidius
1689 550 1730 568 cv.
1744 541 1774 567 in
1786 541 1913 568 Mallers-

622 590 694 617 torff.
730 589 899 616 Adalbertus
918 587 978 621 pbr.
992 587 1021 613 in
1040 586 1170 619 Scheyrn.

308 637 368 663 VII.
382 636 419 662 id.
501 636 525 662 9.
571 634 621 660 Ob.
635 633 771 659 Martinus
790 632 850 665 pbr.
864 641 889 657 n.
904 640 926 657 c.
963 629 1150 664 lVolfgangus
1171 638 1204 655 m.
1225 629 1258 655 de
1277 628 1381 655 Altach
1400 627 1535 654 Inferiori.
1572 626 1707 653 Henricus
1726 626 1787 660 pbr.
1801 625 1914 652 ibidem.

621 676 805 708 Hieronymus
824 674 885 707 pbr.
900 673 934 700 de
953 673 1010 699 Atl.
1047 672 1193 699 Oswaldus
1212 672 1273 705 pbr.
1287 673 1316 698 et
1334 671 1392 697 dec.
1406 671 1442 697 ad
1459 670 1517 697 Sum
1536 670 1679 697 Zenonem.
1715 669 1824 704 Regina
1842 668 1914 703 prio-

620 719 689 744 rissa
702 718 730 743 in
745 717 934 750 Nidernburg.
969 715 1104 749 Georgius
1122 715 1256 749 Appelles
1273 715 1333 748 pbr.
1352 714 1382 740 in
1399 713 1643 740 Raittenhaslach.
1680 712 1807 739 Liborius
1824 712 1916 738 novius

621 761 657 787 ad
684 760 780 786 Seotos
804 759 935 785 Viennae.
980 758 1089 792 Regina
1117 758 1192 791 profa
1217 757 1246 783 in
1270 756 1486 783 Hochenwarth.
1528 756 1564 782 M.
1584 754 1765 790 Regintrudis
1788 755 1865 788 profa
1887 754 1916 780 in

620 803 754 836 Nunberg
772 801 937 836 Salisburgi.
974 801 1157 827 Balthasarus
1181 800 1240 834 pbr.
1258 800 1288 826 in
1307 799 1432 826 Ossiaeh.
1473 798 1622 832 Aquilinus
1646 798 1706 832 pbr.
1723 798 1752 824 in
1771 797 1916 824 Reiehers-

622 854 698 880 perg.
724 844 887 871 Lambertus
901 844 961 877 pbr.
976 843 1078 870 Altach
1093 843 1242 870 Inferioris.
1268 843 1401 877 Iosephus
1415 841 1589 869 Camerarius
1604 841 1664 876 pbr.
1674 850 1700 868 n.
1712 849 1734 868 c.
1760 840 1917 868 Bernardus

620 888 680 922 pbr.
696 888 724 913 in
743 887 864 913 Mansee.
899 886 1038 913 Achatius
1057 887 1117 920 pbr.
1132 886 1160 912 iu
1181 886 1390 920 Reichersperg.

320 934 367 960 VI.
382 933 417 960 id.
484 933 524 959 10.
571 931 621 958 Ob.
636 931 795 964 Stephanus
813 929 875 963 pbr.
895 930 927 955 de
947 929 1095 956 Lambaco.
1131 929 1245 956 Gabriel
1264 929 1326 963 pbr.
1343 928 1372 954 iu
1392 928 1556 962 Tegernsee.
1599 927 1785 961 Wolfgaugus
1803 926 1863 960 pbr.
1883 926 1917 953 de

625 974 695 1001 Attl.
732 972 907 1007 Augustinus
930 972 990 1006 pbr.
1010 972 1043 999 de
1062 972 1165 999 Altach
1184 972 1321 998 Inferiori.
1358 972 1496 1005 Casparus
1514 970 1627 997 ibidem.
1663 970 1781 996 Ioannes
1800 969 1917 995 Iacobus

624 1017 684 1050 pbr.
699 1025 724 1042 n.
740 1025 769 1047 c..
790 1015 857 1041 olim
877 1015 959 1048 prior.
996 1015 1027 1041 D.
1041 1015 1178 1041 Matthias
1197 1015 1261 1042 abb.
1274 1015 1303 1040 in
1322 1015 1475 1047 Admontf)
1505 1014 1587 1040 Anna
1607 1012 1760 1040 Catharina
1779 1021 1830 1039 sor.
1845 1013 1870 1038 1³
1888 1012 1918 1038 in

624 1059 811 1092 Nidernburg.
848 1058 1004 1085 Fridericus
1024 1058 1084 1092 pbr.
1103 1058 1133 1084 in
1152 1058 1361 1085 Seittenstetcn.
1404 1057 1542 1084 Martinus
1566 1056 1625 1090 pbr.
1647 1056 1675 1082 in
1694 1056 1815 1082 Monsee.
1852 1055 1918 1081 Gre-

623 1102 716 1137 gorius
736 1102 796 1135 pbr.
810 1101 838 1127 in
857 1101 1068 1135 Reichersperg.
1104 1102 1137 1128 D.
1152 1101 1270 1127 Ioannes
1289 1101 1353 1127 abb.
1367 1099 1597 1132 Gottwicensis.⁵)

336 1149 367 1175 V.
382 1149 418 1174 id.
486 1147 525 1173 11.
572 1146 622 1173 Ob.
637 1146 752 1171 Ioannes
771 1144 831 1178 pbr.
846 1144 876 1170 in
895 1144 1060 1177 Tegernsee.
1089 1144 1206 1170 Iacobus
1225 1144 1258 1169 de
1278 1143 1382 1169 Altach
1401 1143 1535 1174 Inseriori,
1554 1142 1712 1175 Stephanus
1731 1141 1765 1168 de
1778 1140 1918 1167 Gottwico

624 1188 692 1222 pbri.
729 1187 922 1222 Sigismundus
941 1187 1002 1220 pbr.
1016 1187 1050 1213 de
1069 1186 1279 1214 Seittensteten.
1311 1186 1497 1221 WVolsg-angus
1516 1186 1549 1212 de
1569 1185 1732 1220 'Pegernsee‚
1752 1183 1918 1210 Benedictus

623 1232 656 1258 de
675 1232 766 1258 Peurn
791 1230 862 1264 pbri.
900 1230 1018 1256 Ioannes
1038 1230 1194 1264 Leopoldus
1219 1230 1277 1256 dec.
1299 1229 1327 1255 iu
1347 1228 1590 1262 Closterneuburg.
1626 1227 1834 1254 Maximilianus
1857 1226 1918 1260 pbr.

624 1274 652 1300 in
671 1274 864 1300 Seittenstetu.
901 1273 1080 1300 Innocentius
1101 1273 1202 1299 Altach
1221 1272 1361 1301 Inferioris
1381 1272 1475 1306 (pbr)

326 1319 371 1347 IV.
384 1320 421 1346 id.
488 1320 527 1345 12.
573 1318 623 1344 Ob.
637 1317 798 1350 Stephanus
816 1316 877 1350 pbr.
896 1316 924 1342 in
944 1316 1108 1350 Tegernsee.
1145 1315 1310 1343 Laurentius
1329 1316 1389 1349 pbr.
1408 1315 1441 1341 de
1462 1315 1610 1342 Gottwico.
1647 1313 1820 1347 Augustinus
1839 1312 1919 1344 diae„

625 1360 773 1391 Osvaldus,
797 1359 885 1386 Lucas
905 1359 965 1393 pbri
985 1359 1014 1385 in
1034 1359 1197 1393 Tegernsee.
1239 1358 1411 1392 Augustinus
1430 1358 1490 1391 pbr.
1508 1367 1533 1384 n.
1548 1367 1569 1384 c.
1613 1357 1786 1384 Gotthardus
1811 1356 1872 1390 pbr.
1886 1356 1920 1382 de

625 1403 728 1430 Altaoh
749 1402 883 1429 Inferior-i.
922 1402 1095 1428 Christianus
1114 1403 1174 1436 pbr.
1190 1402 1222 1429 de
1242 1402 1377 1436 Augusta.
1414 1401 1512 1428 Petrus
1532 1401 1607 1434 prior
1626 1400 1659 1427 de
1678 1400 1755 1426 Seon.
1793 1399 1871 1425 Utilo
1891 1400 1920 1425 et

627 1446 784 1472 Leon-ardus
810 1445 871 1479 pbri
896 1445 929 1471 de
949 1445 1052 1471 Altach
1075 1445 1210 1471 Inferiori.
1255 1445 1376 1470 Thomas
1395 1444 1455 1478 pbr.
1476 1443 1509 1470 de
1528 1443 1688 1477 Salzburga.
1725 1442 1840 1468 Ioannes
1859 1442 1920 1475 pbr.

627 1498 653 1515 n.
673 1490 724 1521 (Α)
768 1488 936 1515 Benedictus
962 1488 1022 1522 pbr.
1042 1488 1075 1514 de
1100 1488 1204 1514 Altach
1228 1487 1363 1514 Inferiori.
1409 1487 1442 1513 D.
1460 1487 1539 1513 Ionas
1567 1486 1630 1512 abb.
1652 1484 1920 1520 Altenburgensisss),

626 1532 696 1565 prof.
715 1532 748 1558 de
768 1531 888 1557 Mellico.
919 1530 1135 1557 Valentinianus
1155 1531 1214 1565 pbr.
1229 1533 1258 1557 et
1277 1530 1344 1557 olim
1363 1530 1438 1564 prior
1457 1530 1486 1556 in
1504 1529 1583 1556 Seon.
1620 1529 1652 1556 D.
1665 1528 1791 1554 Andreas
1808 1527 1871 1554 abb.
1886 1527 1920 1554 de

627 1575 730 1601 Altach
754 1574 929 1608 Superior-U)
971 1574 1113 1600 Marianus
1132 1574 1193 1607 pbr.
1210 1583 1236 1600 n.
1255 1583 1285 1605 c.,
1309 1573 1374 1599 olim
1400 1573 1571 1607 suppriorb)‚
1597 1572 1735 1606 parochus
1758 1571 1786 1597 in
1810 1570 1920 1604 Weyer.

627 1617 787 1644 Edmundus
807 1617 867 1651 pbr.
881 1626 907 1643 n.
924 1619 975 1649 αθ)
1006 1617 1167 1643 Bonifacius
1185 1617 1246 1651 pbr.
1259 1626 1284 1642 n.
1299 1625 1330 1649 c.y
1344 1616 1482 1650 parochus
1501 1616 1529 1641 in
1543 1616 1695 1649 Ternperg.
1725 1613 1815 1640 Maria
1833 1614 1919 1640 Bene-

627 1661 703 1687 dicta
723 1661 853 1694 priorissa
872 1660 900 1686 in
921 1660 1054 1687 Kiebach.

326 1705 372 1732 III.
387 1705 422 1731 id.
488 1705 528 1731 13.
575 1704 624 1730 Ob.
646 1703 676 1729 D.
694 1703 858 1729 Gebhardus
878 1703 942 1729 abb.
962 1703 989 1729 iu
1013 1703 1201 1737 Tegernsee.⁸)
1250 1703 1388 1737 Casparus
1413 1702 1446 1728 de
1469 1701 1590 1729 Mellico.
1631 1700 1791 1734 Stephanus
1810 1700 1870 1734 pbr.
1888 1699 1922 1726 de

627 1746 775 1772 Gottwico.
808 1747 932 1777 Ioannes,
952 1746 1138 1780 Wolfgangus
1158 1749 1186 1773 et
1204 1746 1325 1772 Miehael
1345 1746 1405 1779 pbri
1425 1746 1458 1772 de
1478 1745 1556 1771 Seon.
1587 1745 1630 1771 Fr.
1645 1744 1861 1777 Christophorus
1881 1751 1922 1769 cv.

629 1790 661 1816 de
686 1789 928 1823 Closterneuburg.
974 1789 1089 1815 Ioannes
1117 1790 1177 1823 pbr.
1195 1789 1231 1816 ad
1254 1789 1311 1815 Sum
1330 1789 1441 1815 Petrum
1465 1787 1629 1821 Salisburgi.
1674 1787 1818 1820 Religiosa
1844 1786 1922 1820 virgo

630 1832 693 1862 Eva,
714 1841 764 1859 sor.
780 1833 805 1858 1ίι
823 1832 850 1858 in
879 1832 1020 1867 Nunberg.
1061 1832 1193 1858 Albertus
1219 1834 1247 1859 et
1267 1832 1382 1858 Ioannes
1401 1831 1461 1864 pbri
1485 1831 1513 1856 in
1534 1830 1643 1857 Gleink.
1681 1829 1842 1856 Dominicus
1862 1829 1922 1863 pbr.

627 1876 660 1902 de
681 1875 922 1910 Closterneuburg.
960 1875 1117 1902 Ludovicus
1136 1875 1195 1908 pbr.
1214 1875 1247 1902 de
1267 1874 1511 1908 Closterneuburg.
1546 1873 1686 1899 Firmatus
1710 1873 1770 1906 pbr.
1790 1872 1823 1898 de
1843 1872 1922 1899 Seon.

630 1919 776 1945 Anselmus
796 1919 855 1952 pbr.
874 1919 985 1945 ibidem.
1022 1919 1144 1945 Michael
1165 1919 1224 1952 pbr.
1244 1918 1273 1944 in
1291 1918 1411 1944 Mansee.
1449 1916 1593 1943 Anselmus
1612 1917 1673 1950 pbr.
1693 1916 1728 1942 acl
1748 1916 1804 1942 Sum
1818 1915 1924 1942 Emme-

629 1970 735 1987 ramum
751 1961 929 1988 Ratisbonae.
960 1961 1130 1995 Seraphinus
1150 1961 1236 1987 Abele
1256 1961 1315 1994 pbr.
1330 1969 1355 1987 n.
1370 1969 1391 1986 c.
1407 1961 1435 1986 et
1454 1959 1591 1993 parochus
1610 1958 1639 1985 in
1652 1958 1824 1990 Losenstabr,
1846 1958 1923 1990 [olim

629 2005 775 2038 supra-iod.

342 2049 375 2074 II.
391 2048 427 2074 id.
494 2048 534 2074 14.
581 2047 630 2074 Ob.
645 2047 779 2081 Aegidius
795 2048 855 2081 pbr.
887 2047 1022 2081 Georgius
1042 2056 1081 2072 (ν.
1096 2047 1128 2072 de
1143 2046 1290 2073 Gottwieo.
1321 2045 1507 2079 Hieronymus
1526 2045 1586 2078 pbr.
1600 2044 1633 2070 de
1647 2044 1766 2071 Mansee.
1798 2044 1924 2071 Andreas

632 2090 691 2123 pbr.
706 2090 739 2116 de
758 2090 878 2116 Mellico.
916 2089 1089 2123 Augustinus
1109 2089 1169 2123 pbr.
1208 2089 1366 2115 Guntherus
1385 2098 1426 2115 cv.
1464 2089 1494 2115 D.
1510 2087 1640 2114 Placidus
1659 2088 1723 2114 abb.
1741 2087 1769 2113 in
1790 2087 1924 2121 [Welten-

631 2133 711 2166 burg]
720 2134 749 2165 ⁰),
769 2133 838 2166 prof.
852 2133 881 2158 iu
901 2133 1003 2159 Altach
1024 2132 1158 2159 Inferiori.
1200 2132 1372 2159 Aemilianus
1398 2140 1439 2158 cv.
1459 2132 1494 2158 ad
1517 2132 1560 2158 80³
1578 2131 1740 2157 Udalricum
1767 2132 1795 2156 et
1819 2130 1923 2156 Afram.

631 2176 803 2206 Ambrosius,
823 2176 998 2207 Dominicus,
1018 2175 1139 2201 Basilius
1165 2175 1225 2209 pbri
1243 2175 1278 2201 ad
1298 2175 1355 2201 Sum
1368 2174 1511 2201 Zenonem.
1548 2174 1720 2204 Aemilianus
1744 2173 1804 2207 pbr.
1824 2173 1925 2199 Cremi-

632 2219 738 2252 phauii.
775 2219 915 2245 Antonius
939 2219 998 2253 pbr.
1019 2219 1046 2245 in
1066 2219 1166 2245 Suben.
1203 2219 1234 2244 D.
1248 2218 1395 2244 Udalricus
1418 2217 1481 2244 abb.
1502 2217 1530 2243 in
1550 2217 1750 2251 Tegernsee.¹⁰)
1792 2216 1925 2242 Placidus

632 2261 667 2287 ad
687 2262 742 2287 Sssm
757 2261 926 2288 Udalrieum.
963 2262 1098 2295 Georgius
1117 2262 1175 2288 dec.
1191 2261 1226 2287 ad
1245 2261 1302 2286 Sum
1316 2260 1473 2287 Nicolaum.
1512 2260 1646 2294 Georgius
1666 2260 1726 2293 pbr.
1741 2259 1768 2285 in
1789 2259 1889 2285 Suben.

392 2303 428 2328 id.
495 2304 534 2330 15.
583 2304 632 2330 Ob.
647 2304 800 2330 Reinherus
823 2305 856 2331 de
876 2305 990 2338 Lapide,
1012 2305 1174 2331 benefactor
1192 2314 1217 2330 n.
1255 2304 1383 2330 Urbanus
1401 2303 1461 2337 pbr.
1479 2303 1513 2329 de
1532 2303 1694 2337 Salzburga.
1740 2302 1771 2328 D.
1785 2302 1926 2328 Erhardus

636 2346 699 2372 abb.
720 2346 753 2373 de
772 2346 958 2379 Gottwico.1¹)
1001 2347 1197 2381 Cristophorus
1217 2347 1276 2380 pbr.
1297 2347 1330 2373 de
1353 2347 1488 2381 Augusta.
1530 2346 1647 2372 Ioannes
1671 2345 1731 2378 pbr.
1751 2345 1783 2370 de
1803 2345 1924 2370 Mansee.

634 2389 666 2414 D.
690 2389 804 2415 Ioannes
832 2390 966 2416 Henricus
990 2391 1053 2416 abb.
1074 2391 1106 2416 de
1132 2390 1235 2416 Altach
1255 2389 1429 2421 Inferiori.²²)
1466 2389 1581 2419 Vitalis,
1609 2388 1745 2417 MiehaeI.
1775 2387 1925 2419 Candidus,

378 2486 400 2516 ἢ)
420 2486 453 2510 In
473 2488 586 2519 margine
606 2488 722 2512 additum
736 2491 804 2514 1614.
909 2489 933 2521 b)
954 2490 988 2514 In
1007 2491 1122 2522 marylne
1141 2491 1257 2515 additum
1277 2492 1348 2515 1680.
1455 2489 1477 2520 c)
1497 2489 1534 2526 Ῑημ
1550 2488 1665 2520 πιαγχςιίηε
1684 2487 1801 2512 additum
1821 2488 1895 2512 1683.

380 2562 400 2593 1)
421 2561 590 2594 Melliccnsis,
611 2563 774 2590 ob.a.1456.
886 2566 906 2597 ²)
931 2565 975 2591 Ob.
990 2575 1014 2592 a.
1030 2570 1098 2592 1658.
1209 2567 1230 2599 ³)
1254 2566 1299 2592 Ob,
1313 2574 1338 2592 (ι.
1349 2569 1421 2592 1610.
1528 2565 1548 2595 ¹²)
1572 2564 1617 2590 Ob.
1632 2566 1739 2590 (1.1628,
1847 2564 1868 2595 ⁶)
1887 2562 1925 2588 Η.

277 2613 301 2631 ιι,
320 2604 358 2636 V„
377 2605 414 2631 ob.
428 2613 453 2631 a.
465 2608 538 2632 1689.
612 2608 631 2638 ¹³)
650 2607 672 2631 Ι.
686 2615 707 2633 e.
721 2607 855 2634 Iohannes
868 2609 936 2641 HL,
950 2610 986 2635 ob.
1001 2618 1025 2635 α.
1037 2613 1107 2635 1622.
1181 2611 1202 2642 ⁷)
1222 2609 1298 2636 Fort.
1312 2609 1439 2635 Andreas
1452 2606 1618 2639 Penzkofer?
1659 2606 1705 2632 Ob.
1719 2608 1797 2639 1493,
1817 2604 1886 2631 Izmi
1901 2607 1925 2631 8,

278 2649 296 2678 ⁸)
321 2647 366 2673 Ob.
378 2656 402 2674 (ι.
415 2650 485 2674 1393.
616 2650 635 2680 ⁹)
659 2648 832 2676 Ob.a.1583.
869 2651 938 2677 Dies
958 2652 1027 2677 varie
1047 2652 1172 2679 traditur.
1305 2654 1337 2685 ¹0)
1357 2652 1393 2678 H.
1404 2650 1508 2684 n.111.,
1528 2651 1565 2677 ob.
1580 2652 1686 2676 (ι.16ι“3.
1821 2649 1854 2680 ²¹)
1876 2648 1924 2674 Ob·

248 2690 253 2693 “
277 2698 300 2715 α.
314 2693 385 2716 1489.
493 2690 525 2722 12)
546 2690 580 2716 H.
596 2698 622 2717 nr.
634 2691 692 2723 111,
710 2691 864 2725 ob.a.1634,
882 2693 943 2724 fort.
958 2695 1019 2719 11Ῑαὶ
1030 2699 1069 2721 15;

2051 124 2054 125 .
2043 0 2054 95 ,ΛΑ-,λιιι
