2054 2948
261 102 321 132 332
873 94 1056 122 DIOECESIS
1075 93 1299 121 LENTIENSIS.

618 183 679 216 pbr.
693 182 726 208 de
745 181 894 208 Gottwico.
930 181 961 207 D.
976 181 1114 214 Casparus
1134 179 1218 205 Plauz
1236 179 1300 205 abb.
1314 177 1553 205 Seittenstetensis
1561 178 1588 210 ¹),
1606 187 1633 204 n.
1651 186 1673 204 c.
1687 178 1756 212 prof.
1794 178 1910 205 Iodocus

620 225 679 259 pbr.
698 224 725 250 in
747 224 969 251 Seittenstetten.
1010 222 1113 249 Fidelis
1132 221 1191 255 pbr.
1214 220 1474 247 Seitteustettensis·
1509 220 1577 247 Otto
1594 221 1665 254 prof.
1683 221 1712 247 in
1731 220 1910 248 Oberaltach.

621 267 763 294 Conradus
782 267 843 301 pbr.
857 267 885 292 in
904 266 1023 300 Polling.

319 312 365 338 XI.
377 311 433 337 kal.
481 311 520 338 19.
568 310 622 337 Ob.
637 310 735 337 Petrus
755 309 831 343 prior
850 310 883 335 de
897 308 1091 335 Seittenstetn.
1122 307 1261 340 Rupertus
1281 307 1308 332 et
1322 305 1508 340 Wolfgangus
1526 282 1588 340 pbr¹
1605 306 1638 332 de
1653 306 1755 332 Altach
1775 305 1909 332 inferiori.

619 354 655 379 W
657 354 805 387 olfgangus
823 352 899 386 prior
916 351 1029 377 ibidem.
1060 350 1171 376 Maurus
1191 349 1261 382 prof.
1281 349 1310 374 in
1329 348 1554 375 Seon.10annes
1573 348 1631 382 pbr.
1646 349 1679 375 de
1694 348 1911 376 Cremsminster.

620 396 687 422 Otto
701 395 809 429 prof.in
824 394 986 420 Formbach.
1017 392 1199 425 marquardus
1217 391 1278 425 pbr.
1292 391 1476 418 Glunicensis.
1506 391 1628 418 Basilius
1647 392 1707 425 pbr.
1726 393 1755 418 et
1773 391 1864 419 senior
1876 392 1912 417 ad

619 438 676 465 Sum
689 438 803 465 Petrum
822 436 987 469 Salisburgi.
1032 435 1146 462 Carolus
1165 434 1225 468 pbr.
1243 434 1275 460 de
1296 433 1507 468 Reichersperg.
1550 434 1714 461 Elisabetha
1732 434 1912 469 Hildegardis

619 481 695 514 p1ofa
721 481 749 506 in
769 479 948 512 Nidernburg
971 477 1106 504 Passavii.
1146 477 1330 510 Engelbertus
1354 477 1414 511 pbr.
1432 477 1679 504 Seittenstetensis.
1721 477 1913 504 Ferdinandus

617 523 678 557 pbr.
693 524 728 549 ad
747 523 804 549 Sum
818 523 980 548 Udalricum
1001 523 1151 555 Augustae.

335 567 367 593 X.
381 567 437 593 kal.
484 566 525 593 ΞΟ.
572 566 623 593 Ob.
637 566 777 592 Castorius
798 565 857 598 pbr.
872 565 898 590 in
920 565 1082 598 Tegernsee.
1112 563 1242 589 Erasmus
1261 563 1322 596 pbr.
1335 563 1368 588 de
1388 562 1491 588 Altach
1509 562 1644 589 Inferiori.
1674 562 1832 596 Stephanus
1851 562 1911 596 pbr.

618 608 731 634 ibidem.
777 607 895 634 Iacobus
919 607 980 640 pbr.
1002 607 1036 633 (le
1058 606 1194 640 Augusta.
1240 606 1269 632 D.
1287 605 1459 640 Augustinus
1482 605 1546 632 abb.
1563 606 1597 632 de
1622 605 1725 631 Altach
1752 605 1912 637 Inferiorifl)

618 650 741 681 Alexim,
762 650 933 677 Laurentius.
949 649 1053 675 Paulus
1066 649 1127 683 pbr¹
1142 649 1175 675 de
1188 648 1292 675 Altaeh
1305 648 1455 682 Superiori.
1487 648 1652 674 Valentinus
1671 648 1732 681 pbr.
1746 648 1780 674 de
1794 648 1911 674 Closter-

617 693 750 727 neuburg.
788 693 900 718 Maurus
920 692 953 718 de
973 692 1077 718 Altach
1097 691 1232 718 queriori.
1268 691 1391 717 Michacl
1409 691 1470 725 pbr.
1483 691 1517 717 de
1537 691 1639 717 Altach
1658 690 1807 724 Superiori.
1845 690 1911 717 Gre-

618 736 713 769 gorius
733 736 793 769 pbr.
812 735 840 760 in
861 735 1026 762 Formbach.
1063 734 1182 761 Albinus
1200 735 1260 768 pbr.
1282 735 1315 761 de
1334 734 1576 768 Closter-neuburg.
1613 733 1825 767 Chrysostomus
1844 733 1912 760 olim

618 778 676 805 dec.
690 778 718 804 in
738 777 950 812 Reicliersperg.
986 778 1171 811 Hieronymus
1190 778 1250 811 pbr.
1264 777 1297 803 de
1317 777 1436 811 Polling.

320 822 366 847 IX.
380 821 436 848 kal.
480 821 522 847 21.
568 821 625 847 Ob.
640 821 798 847 Leonardus
817 820 877 854 pbr.
896 821 924 846 in
945 821 1110 855 Tegernsee.
1146 820 1245 847 Petrus
1263 820 1323 854 pbr.
1342 820 1375 846 de
1395 820 1498 846 Altaeh
1516 820 1651 847 Inferiori.
1689 819 1833 847 Tiburtius
1852 819 1912 853 pbr.

618 866 646 890 et
666 864 757 890 senior
775 864 809 889 ad
830 864 887 889 Sum
901 864 1024 891 Petrum.
1055 864 1086 890 D.
1102 863 1231 890 Placidus
1250 864 1313 890 abb.
1327 862 1605 897 Pmufeningensisfl)
1636 862 1817 889 Sebastianus
1836 861 1912 896 prior

617 906 730 932 ibidem.
761 906 934 933 Athanasius
954 907 1014 940 pbr.
1028 907 1062 933 de
1075 906 1196 933 Mellico,
1227 907 1344 933 Ioannes
1358 906 1418 940 pbr.
1432 905 1616 932 Glunicensis.
1646 905 1832 940 Wolfgangus
1852 905 1913 939 pbr-

618 949 652 975 de
672 949 774 976 Altach
794 949 930 976 Inferiori.
967 949 1104 976 Martinus
1123 950 1183 983 pbr.
1196 950 1225 976 in
1244 949 1319 976 Rott.
1356 949 1445 976 Maria
1464 948 1611 983 wilbirgis
1630 949 1706 983 prof*
1725 949 1754 975 in
1774 948 1908 975 Kiebach.

617 992 804 1026 Engelbertus
823 993 884 1026 pbr.
897 992 1146 1019 Seittenstetensis.

290 1035 365 1060 VIII.
378 1034 434 1060 kal.
479 1034 521 1060 22.
568 1033 618 1060 Ob.
638 1034 798 1061 Leonardus
822 1035 882 1068 pbr.
901 1044 926 1060 n.
945 1044 967 1061 c.
1018 1035 1156 1061 Erhardus
1183 1044 1223 1061 ον.
1245 1035 1274 1061 in
1298 1035 1461 1069 Tegernsee.
1505 1035 1538 1060 D.
1558 1034 1745 1069 WVolfgangus
1774 1042 1852 1067 ppos.
1882 1034 1911 1060 in

618 1077 853 1112 Reicherspergf)
895 1078 1029 1112 Iosephus
1053 1080 1081 1105 et
1100 1079 1217 1105 loannes
1242 1078 1303 1112 pbri
1328 1078 1442 1104 ibidem.
1478 1078 1647 1104 Wilhelmus
1671 1077 1704 1103 de
1723 1076 1910 1104 Seittenstetn

616 1120 676 1154 pbr.
713 1120 745 1146 D.
761 1120 916 1147 Friderieus
936 1121 1050 1147 Carolus
1068 1130 1147 1155 ppos.
1165 1122 1200 1148 ad
1219 1121 1275 1148 Sum
1290 1121 1438 1148 Nicolaum
1462 1129 1549 1155 prope
1568 1121 1762 1153 Passavium.⁵)
1798 1120 1914 1146 Iac-obus

617 1163 677 1189 dec.
693 1166 720 1190 et
740 1163 875 1197 Georgius
895 1164 956 1197 pbri
975 1164 1089 1191 ibidem.
1127 1164 1195 1191 Otto
1215 1166 1243 1191 et
1263 1165 1366 1191 Paulus
1385 1164 1460 1198 pro‘fi
1478 1163 1507 1190 in
1526 1163 1707 1197 Prunfening.
1745 1163 1912 1189 Benedictus

617 1206 678 1240 pbr.
697 1206 730 1233 de
750 1207 848 1233 Mettu.
893 1207 1033 1234 Modestus
1057 1208 1118 1242 pbr.
1136 1208 1162 1234 in
1188 1208 1317 1234 Admont.
1359 1207 1391 1233 D.
1410 1208 1549 1234 Romanus
1572 1206 1635 1233 abb.
1654 1206 1684 1232 in
1709 1206 1912 1237 Mallerst01·f.⁶)

618 1249 717 1275 Petrus
736 1249 796 1283 pbr.
811 1250 843 1276 de
863 1250 984 1284 Aspach.
1022 1251 1149 1277 Ubaldus
1168 1251 1229 1285 pbr.
1242 1251 1270 1276 in
1290 1250 1441 1277 Chiernsee.
1471 1250 1614 1276 Marianus
1634 1250 1694 1283 pbr.
1708 1249 1912 1276 Admontensis

618 1291 659 1316 Fr.
676 1292 787 1318 Maurus
808 1293 876 1326 prof.
890 1293 1067 1320 Mellicensis.
1100 1294 1265 1321 Benedictus
1284 1293 1344 1327 pbr.
1362 1293 1567 1320 Gottwicensis.
1604 1292 1718 1319 Carolus
1737 1301 1778 1318 ον.
1792 1292 1912 1318 Admon-

617 1335 712 1361 tensis.

306 1376 367 1402 VII.
381 1376 436 1402 kal.
480 1376 522 1403 23.
568 1376 618 1403 Ob.
633 1376 825 1411 sigismundus
848 1379 907 1411 pbr.
927 1379 959 1405 de
979 1379 1049 1406 Attl.
1085 1379 1266 1405 Sebastianus
1292 1379 1351 1412 pbr.
1372 1379 1405 1406 de
1425 1378 1635 1412 Reichersperg.
1673 1377 1834 1404 Franciscus
1853 1378 1914 1412 pbr.

617 1420 646 1446 in
665 1420 836 1448 Neresbeim.
879 1422 1000 1448 Thomas
1019 1422 1078 1456 pbr.
1097 1422 1208 1448 ibidem.
1250 1422 1352 1448 Paulus
1375 1424 1404 1449 et
1427 1422 1515 1448 Lucas
1538 1422 1597 1454 pbri
1616 1421 1644 1447 in
1669 1421 1912 1455 Closterneuburg.

620 1462 796 1489 Eberhardus
817 1466 844 1490 et
859 1464 995 1491 Henrieus
1009 1465 1069 1498 pbri
1083 1465 1272 1491 Gluuicenses.
1304 1465 1446 1498 Religiosa
1459 1473 1509 1491 sor.
1524 1464 1645 1499 Agatha,
1659 1464 1735 1498 profss
1754 1464 1782 1489 in
1797 1464 1913 1490 Nidern-

620 1506 698 1539 burg.
731 1506 924 1540 Sigismundus
943 1508 1003 1541 pbr.
1018 1508 1051 1534 de
1066 1507 1283 1535 Cremsminster.
1314 1508 1357 1534 Fr.
1372 1508 1508 1542 Virgilius
1527 1509 1596 1542 prof.
1616 1508 1651 1534 ad
1670 1508 1766 1534 Scotos
1779 1507 1913 1534 Viennae.

621 1549 725 1575 Paulus
745 1549 813 1583 pbr,
835 1552 903 1584 prof.
920 1551 1140 1577 Lunaelacensis.
1179 1551 1332 1578 Bernardus
1350 1551 1409 1585 pbr.
1423 1551 1457 1577 de
1476 1551 1640 1585 Altenburg.

323 1590 367 1616 VI.
382 1590 437 1617 kal,
484 1591 524 1618 24.
572 1591 621 1618 Ob.
636 1592 746 1618 Sibotto
767 1593 825 1625 pbr.
843 1593 877 1619 de
898 1594 1061 1620 Ratisbona.
1099 1595 1216 1620 Ioannes
1236 1595 1295 1628 pbr.
1316 1594 1348 1620 de
1368 1594 1471 1620 Altach
1491 1594 1640 1628 Superiori.
1677 1593 1835 1620 Leonardus
1854 1593 1912 1620 dec.

619 1634 648 1660 iu
670 1636 878 1669 Heichersperg.
916 1636 1052 1670 Virgilius
1072 1637 1131 1670 pbr.
1149 1637 1183 1662 de
1202 1637 1300 1663 Peurn.
1338 1637 1520 1670 Marquardus
1540 1637 1599 1670 pbr.
1615 1637 1648 1663 de
1668 1636 1911 1670 Closterueuburg.

618 1677 656 1703 Da
677 1678 780 1704 Ioanna
808 1679 878 1705 abb²
906 1679 933 1705 in
958 1679 1100 1713 Nunberg.
1143 1680 1269 1713 ignatius
1293 1680 1409 1706 clericus
1435 1680 1463 1705 in
1483 1679 1632 1707 Chiemsee.
1675 1679 1718 1706 Fr.
1737 1679 1854 1713 Prosper
1878 1679 1911 1706 de

619 1721 885 1754 xx'eicliensssepl1a1i.
934 1723 1029 1748 Petrus
1054 1723 1113 1755 pbr.
1135 1722 1162 1748 in
1188 1722 1429 1757 Closter-neuburg.
1473 1722 1655 1756 Hieronymus
1678 1722 1736 1756 pbr.
1756 1722 1791 1748 ad
1816 1721 1913 1748 scotos

622 1763 752 1791 Viennae.
790 1764 941 1797 Dionysius
961 1765 1020 1798 pbr.
1034 1766 1070 1791 ad
1088 1766 1145 1791 Sum
1158 1765 1362 1792 Enimeramum
1381 1765 1560 1792 Ratisbonae.

334 1804 366 1831 V.
381 1805 436 1831 kal.
481 1806 522 1832 25.
569 1806 618 1832 Ob.
634 1806 793 1840 Stephanus
813 1816 853 1834 cr.
869 1808 901 1834 de
920 1807 1081 1842 Salzburga.
1113 1808 1250 1835 Osvaldus
1270 1809 1329 1843 pbr.
1344 1808 1377 1835 de
1395 1808 1612 1835 Cremsmiuster.
1644 1808 1784 1834 Erhardus
1803 1809 1864 1842 pbr.
1878 1809 1911 1834 de

618 1850 738 1876 Mansee.
776 1850 914 1884 Caspai-us
934 1851 993 1884 pbr.
1008 1851 1041 1878 de
1061 1851 1208 1878 Lambaco.
1240 1852 1270 1878 D.
1284 1851 1419 1885 Georgius
1438 1852 1504 1878 olim
1524 1861 1553 1877 in
1573 1851 1726 1886 Tegernsee
1745 1852 1828 1885 prof..
1848 1851 1912 1878 abb.

619 1893 646 1918 in
667 1893 766 1924 Rottff)
805 1893 1020 1927 christophorus
1040 1895 1100 1928 pbr.
1119 1895 1152 1920 de
1172 1895 1270 1921 Mettn.
1307 1894 1457 1928 Gregorius
1476 1895 1536 1928 pbr.
1554 1894 1582 1920 in
1601 1894 1710 1921 Gleink.
1746 1895 1913 1921 D.Andreas

619 1935 750 1961 Placidus
770 1936 834 1962 abb.
848 1937 883 1962 ad
902 1936 1157 1969 Su¹=1Ma1·tinum.³)
1194 1937 1331 1964 Matthias
1350 1937 1440 1963 senior
1464 1939 1493 1964 et
1511 1937 1649 1971 quondam
1670 1937 1745 1971 prior
1769 1937 1798 1963 in
1818 1937 1912 1964 Alteu-

618 1978 696 2012 burg.
734 1979 837 2005 Paulus
856 1980 916 2012 pbr.
930 1982 958 2006 et
977 1980 1106 2014 subprior
1124 1980 1371 2007 Seittenstetensis.

322 2018 368 2044 JV.
382 2018 437 2044 kal.
483 2019 525 2046 26.
571 2020 622 2046 Ob.
643 2021 674 2046 D.
694 2020 830 2047 Ockarius
856 2022 985 2049 fundator
1012 2025 1039 2049 et
1063 2032 1098 2049 ni.
1118 2023 1199 2049 monii
1219 2023 1438 2057 Tegernseensis.
1484 2023 1620 2050 Martinus
1644 2023 1676 2049 de
1696 2022 1914 2051 Cremsminster.

621 2064 736 2089 Ioannes
764 2065 797 2090 de
824 2064 964 2091 Gottwico
989 2066 1059 2099 pbri.
1102 2066 1226 2092 Andreas
1251 2066 1309 2099 pbr.
1329 2066 1362 2092 (le
1382 2066 1480 2093 Pefirn.
1517 2066 1675 2093 Leonardus
1694 2066 1727 2093 de
1748 2066 1912 2097 Ratisbona,

622 2105 763 2132 Erhardus
790 2107 823 2133 de
843 2108 945 2134 Altacli
966 2108 1107 2142 Superiori
1133 2108 1201 2142 pbri.
1238 2109 1269 2135 D.
1288 2109 1403 2135 loannes
1422 2109 1487 2135 abb.
1503 2109 1537 2135 de
1556 2109 1692 2142 Augusta.
1729 2109 1759 2135 D.
1775 2109 1913 2135 Romanus

619 2149 683 2174 abb.
710 2149 737 2174 in
764 2150 1059 2185 Weicbenste1)han.⁹)
1111 2152 1202 2178 Venus
1236 2155 1265 2178 et
1292 2151 1423 2185 religiosa
1450 2152 1527 2186 virgo
1554 2152 1722 2186 Magdalena
1747 2152 1855 2178 smonlis
1883 2152 1911 2177 in

621 2191 836 2219 Hocbenwarth.
868 2193 923 2220 Sor.
939 2194 1039 2220 Ursula
1053 2194 1077 2219 1³
1091 2195 1167 2227 profa
1180 2194 1292 2221 ibidem.
1324 2195 1354 2220 D.
1368 2194 1526 2228 Stephanus
1540 2194 1603 2220 abb.
1616 2194 1651 2220 ad
1671 2194 1727 2220 Sum
1740 2194 1912 2224 Mauritium.

621 2234 688 2266 prof.
703 2235 738 2260 ad
758 2235 814 2260 Sum
828 2236 980 2262 Martinum
1001 2237 1029 2263 in
1050 2237 1201 2263 Pannonia.
1230 2237 1390 2263 Ambrosius
1410 2238 1470 2271 pbr.
1481 2237 1514 2263 de
1534 2237 1635 2264 Altach
1655 2237 1791 2264 Inferiori.
1823 2237 1915 2264 Fride-

621 2276 693 2302 ricus
713 2278 773 2309 pbr.
786 2287 812 2304 n.
827 2287 849 2304 c.
886 2279 1005 2305 Michael
1028 2280 1088 2313 pbr.
1103 2280 1277 2306 Mellicensis.
1313 2280 1483 2306 Fructuosus
1501 2281 1576 2314 prior
1595 2280 1623 2306 iu
1641 2280 1719 2307 Seon.

328 2314 374 2339 ΙΙΙ.
388 2315 444 2341 kal.
492 2316 532 2343 27.
579 2317 629 2345 Ob.
641 2318 783 2352 Caspai-us
798 2321 921 2347 subdiac.
939 2322 971 2348 cle
991 2323 1061 2348 Attl.
1098 2323 1129 2348 D.
1144 2323 1258 2349 lodocus
1278 2323 1342 2349 abb.
1359 2323 1392 2349 de
1412 2323 1490 2349 Cella
1509 2323 1660 2356 Mariae.¹⁰)
1698 2323 1914 2357 Christophorus

624 2361 682 2394 pbr.
697 2364 726 2388 et
745 2363 834 2390 senior
847 2364 880 2390 de
895 2364 1060 2398 Tegei-mee.
1091 2365 1255 2392 Franciscus
1274 2365 1308 2392 de
1321 2366 1481 2400 Salzburga,
1502 2366 1668 2393 Benedictus
1688 2367 1721 2393 de
1734 2367 1824 2393 Mettu
1844 2367 1913 2400 pbri.

622 2404 751 2431 Kilianus
772 2414 812 2431 cv.
827 2406 860 2432 de
881 2407 1028 2434 Lauibaco.
1062 2407 1211 2441 Gregorius
1231 2409 1291 2441 pbr.
1305 2418 1330 2434 n.
1345 2418 1375 2438 c..
1395 2409 1531 2441 parochus
1550 2408 1579 2434 in
1598 2409 1694 2435 Molln.
1725 2409 1912 2436 Coluuibanus

624 2446 699 2479 prior
712 2447 739 2472 in
755 2447 830 2474 Rott.
863 2450 1007 2475 Auselmus
1023 2450 1082 2483 pbr.
1097 2449 1124 2475 in
1138 2450 1301 2477 For-urbach.
1332 2451 1500 2477 Adalbertus
1519 2451 1548 2477 in
1561 2451 1710 2478 Gottwico.
1740 2452 1914 2486 Augustinus

370 2571 389 2601 ²)
416 2570 461 2597 Ob.
475 2576 580 2599 a.1627.
677 2576 697 2607 ²)
718 2575 753 2601 II.
767 2584 795 2601 η.
809 2577 841 2609 1.,
860 2577 898 2604 ob.
911 2586 936 2603 α.
947 2581 1015 2610 1592,
1034 2578 1089 2604 dies
1107 2579 1178 2604 varie
1196 2579 1323 2606 traditur.
1424 2582 1444 2612 ³)
1466 2580 1627 2611 0b.<1.1653,
1646 2580 1700 2606 dies
1718 2588 1774 2606 non
1792 2582 1913 2606 emzstare

265 2611 376 2638 ridetur.
452 2615 472 2645 ⁴)
502 2615 674 2650 Wolfycmyus
688 2618 728 2644 II.
750 2619 849 2645 ridetur
868 2628 928 2652 csse,
947 2621 982 2646 ob.
997 2628 1037 2646 ca.
1052 2625 1159 2648 a.158·2.
1235 2624 1255 2654 ⁶)
1277 2622 1322 2648 Oh.
1335 2625 1442 2655 a.1639,
1461 2623 1516 2649 (lies
1535 2623 1606 2649 varie
1625 2623 1751 2649 traditur.
1824 2624 1843 2655 θ)
1866 2622 1911 2648 Ol)-

231 2682 237 2685 ,
264 2658 372 2680 (ulem.
497 2658 518 2690 ⁷)
539 2658 699 2686 Olt.a.1595.
832 2664 852 2693 ⁸)
873 2662 908 2687 1η
928 2663 1084 2690 Pannonia.
1208 2666 1229 2697 ⁹)
1253 2664 1298 2691 Ob.
1312 2669 1409 2692 a.1649
1427 2673 1511 2692 mense
1532 2665 1688 2692 Februario.
1815 2667 1847 2697 ¹⁰)
1869 2665 1914 2691 Ob.

264 2706 288 2722 (1.
301 2701 367 2723 1518.
