2054 2948
260 86 322 116 358
874 78 1057 106 DIOECESIS
1075 77 1299 106 LENTIENSIS.

622 167 655 193 de
670 165 817 193 Gottwico.
849 165 997 200 Gregorius
1016 165 1075 199 pbr.
1091 166 1119 191 et
1137 163 1204 190 olim
1223 162 1298 196 prior
1317 162 1353 188 ad
1374 161 1431 187 Sum
1444 161 1558 187 Petrum
1570 159 1733 194 Salisburgi.
1764 159 1909 187 Anselmus

621 209 681 243 pbr.
696 207 874 235 Ossiaeensis.

320 252 436 279 VLkal.
483 253 524 279 27.
570 252 620 279 Ob.
640 252 671 278 D.
686 250 833 277 Udalrious
855 250 919 276 abb.
937 260 962 277 n.
977 251 1023 282 c.¹)
1065 249 1195 276 Placidus
1220 248 1253 274 de
1278 247 1445 281 Salzburga,
1471 246 1629 281 Stephanus
1653 246 1686 272 de
1704 246 1816 272 Mansee
1839 245 1910 279 pbri.

622 293 756 327 Georgius
779 293 850 319 diac.
876 293 909 319 de
934 293 1094 319 Ratisbona.
1136 290 1294 317 Leonardns
1318 290 1378 324 pbr.
1401 290 1436 316 de
1453 290 1588 324 Angusta.
1629 288 1812 321 Hieronymus
1836 287 1911 321 prior

623 337 656 363 de
675 335 795 363 Mellico.
831 335 968 361 Martinus
993 335 1026 362 de
1045 335 1147 361 Altaeh
1168 333 1302 359 Inferiori.
1343 332 1446 358 Paulus
1464 332 1524 366 pbr.
1544 332 1577 358 de
1596 330 1717 358 Mellioo.
1753 330 1785 357 D.
1799 331 1912 357 Maurus

623 379 687 405 abb.
704 378 903 412 Aspaeensis.²)
941 378 1055 404 Ioannes
1078 377 1138 410 pbr.
1158 378 1186 403 et
1210 375 1286 409 prior
1304 374 1544 409 Altenburgensis.
1580 373 1735 401 Bernardus
1753 373 1814 407 pbr.
1833 373 1912 400 Hila-

621 430 727 447 riensm.

337 465 370 491 V.
384 465 440 492 kal.
484 465 525 491 28.
571 465 621 491 Ob.
642 464 671 490 D.
687 463 819 490 Ortolffus
838 461 901 488 abb.
919 470 944 486 n.
958 461 1004 492 c.³)
1041 458 1189 485 Udalricus
1213 459 1241 484 et
1263 457 1398 483 Nioolaus
1421 456 1482 490 pbri
1501 457 1529 483 in
1549 457 1712 492 Tegernsee.
1754 458 1913 492 Stephanus

624 506 683 540 pbr.
702 507 735 532 de
757 503 998 535 Closterneuburg.
1035 501 1264 527 Bartholomaeus
1287 499 1347 533 pbr.
1367 499 1396 525 in
1415 499 1578 527 Formbach.
1613 500 1646 526 D.
1664 500 1823 535 Stephanus
1849 501 1912 527 abb.

623 549 758 581 ibidem.⁴)
800 547 832 573 D.
847 544 1062 578 christophorus
1080 543 1180 575 abb.⁵)‚
1200 542 1393 576 Wolfgangus‚
1407 542 1549 577 Georgius,
1570 543 1618 570 Iob
1638 545 1667 570 et
1685 544 1834 570 Balthasal·
1852 544 1915 578 pbri

622 592 650 617 in
669 589 883 617 Rottnhaslach.
921 589 1073 614 Germanus
1091 587 1151 620 pbr.
1170 585 1197 612 Si
1215 585 1299 612 Petri.
1335 585 1442 612 Probus
1465 586 1494 612 in
1514 586 1664 613 Chiemsee.
1700 587 1834 620 Iosephus
1852 587 1912 620 pbr.

622 633 658 659 ad
678 633 734 659 Sum
747 633 858 659 Petrum
872 630 1060 664 Salisbu1·gi.²³)
1091 629 1233 656 Gilbertus
1251 629 1312 663 pbr.
1330 629 1685 663 claustro-Neoburgensis.
1722 629 1819 656 Gallus
1838 630 1914 663 prior

624 674 841 702 Formbaeensis.
878 673 1011 707 Iosephus
1031 673 1091 706 pbr.
1104 682 1130 699 n.
1145 681 1167 698 c.
1204 672 1392 698 Emmeramus
1410 672 1470 705 pbr.
1490 672 1519 698 in
1538 671 1641 698 Altach
1659 672 1810 706 Superiori.

325 721 372 747 IV.
385 721 441 747 kal.
487 720 528 746 29.
574 719 624 745 Ob.
639 718 669 744 D.
684 718 864 744 Gotthalmus
883 717 916 743 de
930 716 1092 750 Tegernsee,
1113 715 1176 741 abb.
1191 715 1217 740 in
1233 715 1264 741 SO
1278 714 1439 741 Benedicto.
1469 714 1585 741 Iodocus
1605 724 1647 741 cv.
1661 714 1694 741 de
1708 714 1786 742 Cella
1798 715 1914 742 Mariae.

624 761 789 787 Vincentius
808 760 884 793 prior
903 759 935 786 de
950 758 1168 786 Cremsminster.
1201 758 1323 784 Michael
1342 758 1404 792 pbr.
1417 757 1450 783 de
1465 757 1568 783 Altach
1588 757 1721 784 Inferiori.
1757 758 1789 785 D.
1805 757 1915 784 Ulricus

623 804 687 830 abb.
706 812 733 829 n.
753 805 799 835 c.⁵)
840 802 1026 836 wolfgangus
1054 803 1082 828 et
1107 801 1224 828 Ioannes
1251 801 1312 834 pbri
1337 800 1366 826 in
1392 800 1554 826 Formbach.
1596 801 1628 827 D.
1646 800 1861 835 Wolfgangus⁷)
1887 803 1915 827 et

622 847 654 873 D.
669 845 805 872 Matthias
814 846 834 877 ⁵)
853 845 942 876 amm,
962 844 1102 876 Urbanus,
1123 843 1268 877 Cyriacus,
1288 843 1417 875 Ioannes,
1436 843 1620 877 Hieronymus
1639 844 1707 877 pbri,
1728 843 1866 877 Casparus
1886 845 1916 870 et

624 888 760 915 Martinus
779 888 821 914 cvi
838 888 866 914 in
880 887 1110 914 Rottenhaslach.
1142 887 1254 912 Maurus
1267 887 1326 920 pbr.
1341 887 1374 913 de
1388 886 1653 920 Weiohenstephan.
1685 886 1834 921 Gregorius
1853 886 1914 920 pbr.

622 931 651 957 in
670 931 799 957 Admont.
835 930 992 957 Bernardus
1010 930 1071 964 pbr.
1090 930 1127 956 ad
1146 929 1201 955 Sum
1221 929 1335 956 Petrum
1355 929 1518 963 Salisburgi.
1556 929 1695 956 Romanus
1714 929 1775 963 pbr.
1794 929 1824 955 in
1842 929 1914 956 Attl.

624 973 755 1000 Claudius
774 973 834 1007 pbr.
854 973 882 999 in
901 973 1020 1007 Polling.
1058 972 1231 999 Coelestinus
1250 972 1310 1006 pbr.
1330 972 1365 998 ad
1386 971 1522 1002 Quercum
1541 971 1724 1005 Superiorem.

324 1019 372 1044 111.
385 1018 441 1045 kal.
486 1018 527 1045 30.
574 1017 624 1043 Ob.
642 1017 673 1043 D.
688 1017 798 1042 Ulricus
817 1016 881 1042 abb.
900 1025 926 1042 n.
941 1018 987 1048 c.⁸)
1030 1016 1062 1042 D.
1080 1016 1277 1042 Burckhardus
1301 1015 1365 1041 abb.
1385 1015 1413 1041 in
1436 1015 1623 1049 Tegernsee.⁹)
1666 1015 1782 1041 Ioannes
1805 1022 1862 1040 acc.
1881 1014 1915 1040 de

625 1059 656 1085 SO
675 1059 771 1086 Paulo.
812 1059 930 1085 Ioannes
954 1059 1013 1092 pbr.
1034 1059 1067 1084 de
1091 1058 1170 1085 Cella
1193 1058 1304 1085 Mariae.
1347 1058 1464 1085 Iacobus
1488 1058 1522 1084 de
1546 1057 1713 1090 Ratssbona,
1741 1057 1857 1084 Ioannes
1882 1056 1916 1083 de

625 1102 729 1128 Altach
748 1101 875 1128 Inferior-i
900 1101 968 1135 pbri.
1006 1101 1166 1127 Wolfkerus
1189 1101 1248 1135 pbr.
1262 1111 1287 1128 n.
1303 1110 1324 1127 e.
1361 1101 1478 1127 Ioannes
1497 1100 1712 1134 Christophorus
1736 1100 1796 1133 pbr.
1815 1100 1916 1126 Baum-

624 1144 776 1178 burgensis.
815 1144 948 1178 Iosephus
967 1144 1026 1178 pbr.
1045 1144 1080 1170 ad
1094 1144 1192 1170 Scotos
1206 1143 1339 1170 Viennae.
1381 1143 1541 1170 Edmundus
1559 1143 1619 1177 pbr.
1639 1143 1675 1169 ad
1693 1142 1738 1169 Sos
1752 1142 1915 1169 Udalricum

626 1190 655 1214 et
673 1186 785 1213 Affram.
822 1187 980 1213 Bernardus
999 1187 1059 1220 pbr.
1078 1187 1106 1213 in
1125 1186 1343 1213 Michaelbeuru.
1381 1186 1512 1213 Albertus
1531 1186 1590 1220 pbr.
1610 1185 1639 1212 in
1658 1186 1742 1212 Melk.

340 1231 373 1256 11.
388 1231 443 1257 kal.
490 1230 531 1257 31.
576 1230 626 1257 Ob.
640 1229 761 1256 Michael
785 1229 845 1263 pbr.
865 1229 897 1255 de
917 1229 1037 1256 Mansee.
1074 1230 1190 1256 Ioannes
1213 1229 1273 1263 pbr.
1292 1229 1325 1256 (18
1345 1229 1551 1256 Seittenstettn.
1588 1229 1704 1255 Ioannes
1723 1228 1784 1262 pbr.
1803 1227 1916 1254 ibidem.

627 1273 822 1306 YVolfgangus,
842 1272 1008 1299 Benedictus
1033 1274 1061 1299 et
1079 1272 1214 1299 Nicolaus
1233 1272 1294 1305 pbri
1314 1272 1347 1298 (18
1367 1272 1470 1299 Altach
1489 1271 1623 1298 Inferiori.
1660 1271 1777 1298 Ioannes
1801 1271 1860 1304 pbr.
1881 1270 1916 1297 ad

626 1315 683 1342 Sum
703 1315 870 1341 Florianum.
908 1315 1034 1341 Susanna
1056 1315 1133 1349 profa
1150 1317 1179 1342 et
1201 1315 1334 1349 priorissa
1357 1315 1385 1340 in
1403 1315 1539 1349 Nunberg
1557 1313 1722 1348 salisburgi.
1760 1313 1917 1340 Leonardus

628 1358 688 1391 pbr.
702 1358 730 1383 in
745 1357 987 1392 Closterneuburg.
1025 1358 1176 1384 Balthasar
1193 1358 1254 1391 pbr.
1272 1358 1300 1384 in
1320 1357 1526 1384 Seittenstettn.
1558 1357 1685 1383 Urbanus
1704 1357 1764 1390 pbr.
1778 1356 1807 1383 in
1825 1356 1916 1383 Form-

626 1400 706 1426 bach.
749 1399 931 1426 Corbinianus
957 1400 1016 1433 pbr.
1040 1400 1068 1426 in
1088 1400 1354 1434 YVeichenstephan.
1395 1399 1484 1426 Maria
1510 1400 1629 1433 Iosepha
1653 1399 1759 1426 smorilis
1782 1399 1863 1433 profa
1888 1399 1916 1425 in

628 1442 762 1469 Kiebach.

953 1536 983 1570 N
987 1536 1226 1572 OVEMBER.

389 1610 445 1636 kal.
510 1611 531 1637 1,
577 1609 626 1636 Ob.
646 1610 676 1635 D.
690 1609 858 1636 Adalbertus
877 1610 978 1642 abb.¹⁰)
999 1610 1104 1643 primus
1124 1612 1152 1637 et
1170 1611 1301 1636 fundator
1319 1610 1400 1636 monii
1420 1609 1449 1635 in
1469 1609 1632 1643 Tegernsee.
1669 1609 1794 1635 Andreas
1814 1611 1842 1635 et
1862 1609 1916 1634 Ru-

627 1654 722 1686 pertus
750 1653 807 1678 acci
832 1653 866 1678 de
893 1652 972 1678 Seon.
1018 1653 1204 1687 wolfgangus
1232 1654 1323 1679 novius
1347 1653 1380 1679 de
1403 1653 1610 1680 Seittenstettn.
1653 1651 1685 1678 D.
1700 1651 1834 1678 Henrieus
1853 1651 1917 1678 abb.

626 1695 775 1727 ibidem.¹¹)
801 1695 940 1722 Romanus
954 1695 1014 1729 pbr.
1029 1696 1061 1722 (18
1075 1696 1177 1722 Altach
1190 1695 1325 1722 Inferiori.
1356 1695 1388 1722 D.
1400 1695 1583 1728 Marquardus
1597 1694 1659 1721 abb.
1674 1704 1699 1720 n.
1711 1695 1770 1727 c.¹²)
1800 1695 1917 1721 Ioannes

627 1740 655 1764 et
679 1737 817 1763 Romanus
842 1738 903 1771 pbri
922 1739 956 1765 de
979 1739 1082 1765 Altach
1107 1738 1241 1765 inferiori.
1285 1738 1444 1772 Stephanus
1467 1738 1527 1772 pbr.
1547 1740 1575 1764 et
1599 1737 1676 1764 Utilo
1700 1747 1741 1764 CV.
1761 1737 1794 1764 de
1813 1737 1918 1764 Altach

626 1780 760 1806 Inferiori.
797 1780 963 1807 Eustachius
987 1782 1048 1815 pbr.
1067 1782 1100 1808 de
1119 1782 1239 1808 Mansee.
1285 1781 1458 1815 Theophilus
1478 1781 1595 1808 clericus
1619 1781 1652 1807 de
1671 1780 1817 1807 Gottwieo.
1855 1780 1918 1807 Gre—

626 1823 719 1857 gorius
739 1823 799 1856 pbr.
814 1823 1057 1858 Baumburgeusis.
1094 1825 1230 1851 Henricus
1250 1825 1309 1858 pbr.
1322 1825 1356 1851 de
1375 1825 1496 1851 Mellioo.

330 1865 377 1892 IV.
391 1874 453 1892 non.
507 1867 531 1892 ’2.
578 1866 627 1892 Ob.
640 1866 672 1892 D.
687 1866 820 1892 Hem-icus
839 1866 902 1893 abb.
916 1876 941 1893 n.
953 1869 1013 1899 c.¹³)
1046 1868 1173 1901 Raphael
1186 1876 1242 1894 acc.
1258 1868 1291 1895 de
1304 1868 1407 1894 Altach
1421 1867 1569 1901 Superiori.
1602 1867 1749 1897 Romanus,
1769 1866 1919 1899 Gregorius

626 1909 694 1942 pbri,
720 1912 747 1936 et
769 1910 953 1945 Wolfgangus
981 1911 1051 1936 diac.
1073 1911 1107 1937 de
1134 1910 1295 1945 Salzburga.
1341 1911 1373 1937 D.
1394 1911 1510 1937 Ioannes
1531 1910 1594 1936 abb.
1614 1910 1649 1936 ad
1674 1909 1729 1935 Sum
1756 1909 1919 1936 Udalricum

629 1954 780 1986 Augustae.
822 1953 964 1980 Conradus
988 1954 1020 1980 de
1040 1953 1123 1985 Seon,
1150 1954 1365 1987 Christophorus
1389 1954 1422 1980 de
1447 1953 1509 1980 Attl
1534 1953 1604 1987 pbri.
1644 1952 1781 1979 Henricus
1804 1952 1864 1986 pbr.
1884 1952 1919 1979 de

628 1994 871 2030 Closterneuburg.
918 1996 1080 2023 Franciseus
1107 1997 1167 2030 pbr.
1185 1997 1219 2023 de
1238 1997 1308 2023 Attl.
1353 1996 1514 2023 Matthaeus
1537 1996 1597 2030 pbr.
1616 1995 1691 2030 apud
1715 1995 1772 2021 Sum
1791 1995 1918 2022 Paulum.

627 2037 728 2064 Ursnla
748 2038 895 2065 Francisca.
913 2039 989 2072 profa
1007 2039 1035 2065 in
1056 2040 1271 2066 Hoehenwarth.

335 2078 382 2104 HI.
396 2087 458 2105 non.
513 2080 536 2105 3.
582 2079 632 2106 Ob.
648 2080 790 2107 Oswaldus
804 2082 863 2115 pbr.
878 2082 913 2108 ad
932 2082 989 2108 Sum
1003 2083 1189 2116 Lampertum.
1220 2083 1336 2109 Ioannes
1355 2082 1415 2117 pbr.
1429 2082 1542 2109 ibidem.
1572 2081 1684 2107 Maurus
1697 2081 1821 2108 subdiac.
1832 2089 1854 2107 c.
1865 2081 1918 2114 ΠΝ)

630 2123 728 2149 Daniel
752 2124 812 2157 pbr.
831 2124 859 2150 in
885 2125 1049 2158 Tegernsee.
1096 2126 1282 2160 Wolfgangus
1309 2134 1349 2151 cv.
1368 2125 1397 2151 in
1421 2125 1530 2152 Gleink.
1574 2123 1704 2150 Placidus
1727 2124 1787 2157 pbr.
1804 2123 1917 2150 ibidem.

628 2165 784 2192 Bernardus
804 2167 863 2200 pbr.
877 2167 905 2193 in
925 2168 1118 2195 Nideraltach.
1160 2168 1275 2194 Rosalia
1294 2168 1425 2195 Lucretia
1443 2168 1520 2202 prosa
1538 2167 1566 2193 in
1586 2167 1763 2201 Nidernburg
1784 2166 1917 2193 Passavii.

629 2208 718 2234 Maria
737 2209 872 2243 Ser-aphia
891 2211 998 2236 smonlis
1017 2210 1044 2236 in
1064 2211 1200 2238 Kiebach.

346 2248 379 2273 11.
392 2256 454 2274 non.
507 2249 531 2275 4.
577 2249 627 2276 Ob.
641 2250 778 2277 osvaldus
792 2254 819 2278 et
832 2252 944 2278 Maurus
963 2254 1022 2286 pbri
1041 2254 1074 2280 de
1088 2254 1190 2280 Altach
1204 2253 1337 2280 Inferiori.
1371 2253 1400 2278 D.
1415 2252 1579 2278 Paneratius
1593 2252 1656 2278 abb.
1670 2262 1695 2278 n.
1710 2253 1770 2285 ο.11)
1801 2252 1919 2279 Lauren-

629 2293 685 2319 tius
698 2295 766 2326 prof.
780 2294 812 2320 (18
826 2295 1067 2330 Closterneuburg.
1102 2298 1134 2323 D.
1148 2296 1297 2330 Philippus
1316 2296 1429 2328 abb.¹⁵),
1449 2295 1594 2326 Martinus,
1614 2295 1780 2327 Leonardns,
1793 2296 1918 2328 Ioannes,

630 2336 753 2367 Iacobus,
772 2337 888 2364 Ioannes
902 2340 929 2364 et
942 2339 1067 2371 Ioannes,
1087 2339 1230 2373 Georgius.
1249 2339 1426 2371 Benedictus,
1440 2339 1556 2364 Ioannes
1569 2338 1629 2372 pbri
1644 2338 1673 2364 in
1686 2338 1918 2366 Rottenhaslach.

373 2442 395 2471 11)
415 2441 449 2466 In
467 2444 581 2475 margine
600 2444 716 2469 additum
735 2445 831 2475 †1695.
935 2446 960 2478 b)
980 2447 1013 2472 Izz
1032 2448 1147 2480 maryz'ne
1166 2448 1282 2473 additum
1303 2446 1377 2473 1632.

377 2517 395 2542 ¹)
414 2516 459 2541 Ad
477 2525 553 2550 quem
572 2520 737 2550 referendum
755 2522 797 2554 sit,
817 2530 873 2548 non
891 2525 1002 2548 constat.
1097 2524 1117 2556 2)
1141 2523 1186 2549 Ob.
1200 2527 1303 2550 (ι,1657.
1399 2525 1418 2556 ³)
1443 2522 1487 2549 Ob.
1502 2525 1608 2554 (ι.1273,
1628 2522 1682 2548 dies
1702 2521 1773 2548 varie
1792 2521 1919 2548 traditur.

274 2560 293 2589 ⁴)
317 2558 362 2583 011.
376 2562 477 2591 (ι.1553,
497 2560 552 2586 dies
572 2562 642 2587 varie
660 2563 786 2590 traditur.
889 2566 907 2596 ⁵)
928 2565 1004 2591 Fors.
1019 2565 1042 2590 Ιι.
1056 2573 1083 2591 n.
1097 2565 1148 2597 IL,
1168 2566 1207 2592 ob.
1220 2575 1245 2593 a.
1258 2570 1319 2592 1624
1340 2566 1423 2598 (Mai.
1434 2570 1471 2597 17,
1491 2565 1634 2598 Lindner).
1741 2566 1762 2598 ⁸)
1782 2564 1828 2590 Ad
1846 2572 1920 2598 (luem

273 2600 436 2631 referendum
454 2602 496 2634 sit,
516 2602 626 2629 dubium
645 2608 688 2631 est.
778 2608 798 2638 ⁷)
822 2606 869 2633 Ob.
885 2611 993 2639 ((1594,
1011 2609 1126 2641 August.
1143 2611 1183 2635 26.
1272 2610 1293 2642 ε)
1317 2609 1362 2635 Ob.
1377 2617 1400 2634 α.
1412 2612 1482 2639 1601,
1503 2607 1569 2634 Νου.
1583 2611 1621 2634 18.
1710 2609 1732 2641 ⁹)
1753 2607 1799 2634 ob.
1814 2611 1919 2634 ((.1017.

234 2685 239 2688 .
276 2644 307 2673 ¹⁰)
329 2641 371 2667 Ol>-
383 2645 443 2674 POSC
462 2652 486 2669 (1-
500 2648 552 2670 796.
711 2648 743 2681 ¹¹)
764 2649 917 2681 H.22.1H.,
938 2650 975 2675 ob.
991 2654 1097 2676 u.153·2.
1255 2652 1288 2684 ¹²)
1308 2651 1345 2677 H.
1359 2660 1385 2677 n.
1397 2651 1428 2683 I..
1452 2651 1490 2677 ob.
1504 2659 1528 2676 a.
1540 2654 1608 2682 1195,
1628 2650 1683 2676 dies
1700 2650 1772 2676 varie
1791 2650 1919 2676 traditur.

275 2685 307 2717 ¹³)
328 2684 372 2710 Ob·
383 2687 444 2717 post
462 2694 487 2711 (ι.
499 2690 571 2713 1333.
713 2692 745 2722 11)
768 2690 813 2717 Ob.
825 2700 850 2717 α.
862 2695 931 2723 1537,
951 2692 1006 2718 (lies
1025 2693 1095 2718 varie
1113 2692 1239 2720 traditur.
1383 2696 1416 2727 ¹⁵)
1439 2693 1482 2720 Ob.
1497 2702 1521 2722 a.
1536 2697 1609 2726 1620,
1628 2694 1682 2720 (lies
1700 2693 1772 2720 varie
1791 2692 1918 2719 traditur.
