2054 2948
230 116 295 146 282
844 109 1028 136 DIOECESIS
1049 108 1091 134 LE
1098 107 1271 134 NTIENSIS.

272 201 344 228 XIV.
358 201 413 228 kal.
460 200 500 228 19.
546 196 671 227 Ulrious
696 195 858 227 stiriensis
881 195 950 236 pbr.
968 195 1004 226 fr.
1022 206 1051 225 n.

293 254 341 280 XI.
353 253 410 279 kal.
456 252 498 279 22.
543 248 670 279 Ulricus
694 247 764 288 pbr.
781 247 818 277 fr.
836 257 864 276 n.

311 300 343 325 X.
357 299 413 325 kal.
458 299 499 324 23.
546 297 701 331 Rudigerus
720 298 753 324 de
773 296 1002 323 Storchenberch.

294 342 341 368 IX.
355 341 411 368 kal.
456 341 496 367 24.
543 340 691 366 Hainricus
711 339 900 373 Dim-ichinger
919 338 978 372 pbr.
992 338 1023 364 fr.
1038 347 1063 364 n.

279 389 339 415 VII.
353 389 410 415 kal.
454 388 497 414 26.
544 384 621 415 Otto
647 383 780 415 Chraier
803 383 872 424 pbr.
890 382 927 413 fr.
944 393 973 412 n.

306 441 340 467 V.
353 441 410 467 kal.
454 439 495 466 28.
542 434 763 476 Ohunigundis
787 445 839 464 ux.
858 433 1052 474 cappellarii.

292 491 339 517 III.
353 491 408 517 kal.
454 490 495 516 30.
543 485 685 517 Gerboto
711 486 780 526 pbr.
799 485 835 515 fr.
853 495 881 515 n.

960 595 1161 631 APRILIS.

358 670 414 695 kal.
480 671 502 696 1.
547 665 676 696 Ulrieus
701 664 740 694 de
764 664 942 694 Pernawe..

295 721 343 747 IV.
357 729 419 747 non.
473 721 497 746 2.
544 716 621 747 Otto
648 715 829 746 Wolfstain.
874 713 1053 754 Elyzabeth
1076 724 1129 743 ux.

311 772 344 798 II.
357 780 420 798 non.
474 772 498 797 4.
543 767 673 807 Rapoto
698 766 770 797 abb.
789 766 820 796 in
844 763 1188 806 Paumgartenpe1·g.1)

356 830 417 848 nou.
472 822 495 848 5.
543 817 733 848 Ohunradus
757 816 968 847 XVachraner.
1016 814 1238 856 Ohunigundis
1261 825 1313 845 ux.
1331 814 1408 845 eius.

265 874 339 900 VIII.
354 873 390 900 id.
474 873 498 899 6.
544 868 727 899 Fridericus
751 867 940 908 arehiepsfi)
986 866 1176 898 chunradus
1201 866 1241 896 de
1264 865 1349 896 Ried
1373 864 1443 906 pbr.

278 924 338 951 VII.
352 924 388 950 id.
472 924 495 950 7.
542 919 752 958 Wernherus,
777 920 853 949 Otsso
879 918 919 949 de
944 917 1136 949 Tannberch
1160 916 1237 958 pbri,
1261 917 1313 947 fres
1337 916 1374 947 ni.

294 976 341 1001 VI.
355 975 391 1001 id.
476 976 500 1001 8.
545 971 718 1002 Heinrieus
742 970 781 1001 de
805 970 922 1001 Radek
946 969 1048 1000 miles.

306 1028 340 1053 V.
353 1027 389 1054 id.
471 1027 495 1054 9.
542 1022 669 1053 Ulricus
692 1022 824 1063 Longus
849 1021 888 1053 de
915 1020 1058 1062 Capella.

292 1079 339 1105 IV.
353 1079 390 1105 id.
456 1079 495 1106 10.
543 1074 619 1105 Otto
645 1084 711 1115 eps.
729 1073 973 1113 Pataviensis.³)

297 1131 345 1156 III.
358 1130 395 1156 id.
463 1130 502 1156 11.
548 1126 708 1157 Rudolfus
730 1126 800 1166 pbr.
819 1125 854 1156 fr.
873 1136 902 1156 11.

306 1182 340 1208 II.
354 1181 392 1207 id.
459 1181 498 1206 12.
544 1176 744 1216 chunradus,
769 1176 961 1207 Altmannus
984 1174 1062 1217 pbri,
1087 1175 1139 1205 fres
1162 1174 1200 1205 ni.

266 1232 411 1259 XVl.kal.
459 1232 499 1258 16.
543 1227 716 1259 Heinrieus
741 1227 781 1258 de
805 1227 974 1266 Mal-bach,
1005 1226 1202 1266 Rudigerus‚
1235 1225 1420 1267 Heinrious,
1444 1225 1639 1265 Friderimm,
1668 1223 1887 1263 Meinhardus,

595 1280 677 1311 pater
695 1279 724 1304 et
743 1278 842 1304 fratres
862 1277 1006 1311 scriptoris
1024 1276 1107 1302 huius
1126 1277 1200 1302 libri.

286 1326 345 1353 XV.
358 1326 414 1352 kal.
464 1326 502 1352 17.
548 1321 742 1352 FridericuS.
789 1321 910 1352 Albero
935 1321 1003 1362 pbr.
1022 1321 1059 1351 fr.
1077 1331 1105 1350 n.

273 1378 345 1404 XIV.
359 1377 413 1403 kal.
459 1376 499 1403 18.
544 1373 710 1404 Ditmarus
733 1373 814 1413 pbr„
838 1372 906 1403 dec.
923 1373 954 1402 in
973 1371 1175 1403 Walthusen.

270 1429 344 1455 XIII.
358 1429 414 1455 kal.
459 1429 499 1454 19.
545 1424 723 1465 Elyzabeth
747 1434 800 1454 ux.
818 1423 859 1454 Di
882 1424 922 1454 de
940 1423 1191 1454 Wolchenstorf.

284 1481 344 1507 XII.
356 1480 415 1506 kal.
458 1479 500 1505 20.
546 1476 729 1507 Hertwious
753 1475 822 1516 pbr.
840 1486 929 1516 mgr.⁷
953 1485 1021 1505 can.
1039 1475 1152 1505 Patav.

300 1532 346 1558 XI.
361 1531 415 1558 kal.
461 1531 502 1557 21.
549 1527 626 1558 Otto
651 1527 796 1558 Prunner
819 1527 888 1567 pbr.
907 1526 943 1557 fr.
961 1537 991 1557 11.

269 1583 345 1609 VIII.
358 1583 415 1609 kal.
459 1583 500 1608 24.
548 1578 674 1609 IIlricus
698 1578 737 1609 de
761 1578 981 1619 Pat11anger4)
1005 1588 1106 1619 ppos..
1130 1578 1167 1608 fr.
1185 1588 1213 1607 n.
1260 1576 1487 1607 VVolframmus
1510 1575 1578 1617 pbr.
1596 1576 1632 1606 fr.
1650 1586 1679 1606 n.

311 1636 345 1662 V.
358 1636 414 1662 kal.
459 1635 500 1661 27.
545 1629 717 1661 Heinrieus
742 1629 810 1670 pbr.
829 1630 865 1660 fr.
884 1641 912 1660 n.
959 1629 1160 1660 Walohunus
1184 1628 1221 1659 fr.
1238 1639 1268 1659 n.

300 1686 344 1712 IV.
358 1686 414 1712 kal.
458 1685 499 1711 28.
546 1681 735 1712 Chunradus
759 1681 977 1722 Altenperger
1000 1681 1069 1721 pbr.
1086 1681 1123 1711 fr.
1137 1691 1166 1711 n.

298 1737 345 1762 III.
360 1737 414 1763 kal.
459 1737 499 1763 29.
545 1732 672 1763 Ulricus
696 1732 736 1763 de
763 1731 897 1773 Capella
921 1732 960 1763 de
986 1732 1199 1763 Altenhoven.

984 1854 1143 1889 MAIUS.

359 1933 415 1959 kal.
479 1935 501 1959 1.
547 1930 718 1960 Heinricus
742 1929 811 1970 pbr.
831 1930 866 1960 fr.
885 1940 913 1960 n.
960 1929 1147 1969 Leupoldus
1171 1928 1238 1969 pbr.
1257 1929 1293 1959 fr.
1311 1939 1339 1958 n.

479 1985 503 2011 2.
550 1980 763 2011 XVolfhardus
787 1980 823 2010 fr.
841 1991 870 2010 n.
918 1980 1050 2011 Perihta
1075 1990 1135 2011 sor.
1153 1984 1197 2010 11²².

301 2035 347 2061 IV.
362 2044 423 2061 non.
476 2036 500 2061 4.
546 2031 716 2062 Ludwieus
741 2032 780 2062 de
798 2032 1028 2062 Walchirchen
1053 2031 1122 2072 pbr.

301 2087 346 2112 III.
361 2095 424 2112 non.
478 2087 501 2112 5.
547 2082 706 2113 Einwicus
730 2083 888 2114 XVeizlan.
934 2083 1068 2114 Perihta
1092 2094 1144 2114 ux.
1163 2083 1240 2114 eius.

286 2136 345 2162 VII.
360 2137 395 2162 id.
477 2137 500 2162 9.
546 2133 672 2163 Ulricus
696 2133 787 2164 miles
813 2133 854 2163 de
877 2133 1082 2174 Sinzenperg.
1129 2133 1301 2175 Pilgrimus
1325 2143 1393 2164 can.
1411 2132 1623 2164 Pataviensis.

310 2189 344 2214 V.
358 2188 394 2214 id.
463 2188 501 2214 11.
547 2184 717 2214 Heinricus
742 2184 821 2221 dec..
847 2184 915 2225 pbr.
933 2185 969 2216 fr.
988 2196 1016 2215 n.
1062 2185 1196 2216 Peritha
1220 2195 1272 2215 ux.
1290 2184 1329 2215 Di
1352 2184 1478 2215 Alberti
1494 2183 1678 2215 Wolfstain.

299 2238 345 2264 IV.
359 2238 394 2264 id.
464 2239 502 2264 12.
548 2235 706 2265 Einwieus
729 2235 797 2275 pbr.
816 2235 852 2265 fr.
870 2247 898 2265 n.

298 2289 345 2315 III.
359 2289 396 2314 id.
463 2289 503 2315 13.
548 2285 718 2316 Heinricus
743 2285 872 2316 Toblor.

306 2340 340 2365 II.
354 2339 390 2365 id.
462 2341 502 2365 14.
548 2336 701 2367 Albertus
724 2337 906 2368 Wolfstain.
952 2338 1058 2369 Ieutta
1082 2349 1134 2368 ux.

358 2386 395 2411 id.
461 2388 501 2412 15.
547 2387 696 2413 Gerdrudis
716 2387 749 2413 de
769 2387 852 2413 Hard.

260 2432 345 2458 XVII.
359 2433 415 2459 kal.
462 2434 500 2460 16.
545 2430 777 2461 Wernhardus.
825 2431 1031 2462 Meinhardus
1056 2431 1095 2462 de
1119 2432 1187 2463 Ybs
1211 2432 1279 2472 pbr.
1297 2431 1333 2462 fr.
1351 2443 1379 2462 n.

275 2483 347 2509 XVI.
361 2484 416 2510 kal.
463 2484 502 2510 17.
547 2481 710 2511 Ditnmrus
735 2481 871 2512 Posaoh.
917 2482 1079 2513 Ernestus.
1126 2483 1314 2524 Margardus
1339 2483 1407 2524 pbr.
1425 2482 1461 2513 fr.
1479 2493 1508 2512 n.

292 2534 350 2560 XV.
365 2535 420 2560 kal.
467 2535 504 2561 18.
550 2531 748 2562 Walehuuus
771 2534 965 2573 seolastious,
991 2534 1059 2574 pbr.
1078 2534 1115 2564 fr.
1133 2545 1161 2564 n.

303 1984 349 2011 VI.
363 1993 426 2010 non.

345 2667 363 2697 ¹)
387 2665 433 2692 Ob.
451 2674 472 2692 c.
486 2675 510 2692 a.
524 2670 598 2692 129⁸.
741 2669 761 2699 ²)
782 2668 816 2694 H.
838 2677 863 2695 n.
879 2669 930 2701 IL,
955 2669 992 2696 ob.
1008 2678 1032 2695 a.
1044 2673 1114 2696 1284.
1258 2672 1277 2702 ³)
1301 2670 1345 2696 Ob.
1360 2679 1384 2696 (ι.
1398 2673 1465 2696 1265.
1607 2670 1627 2701 ⁴)
1645 2668 1670 2694 S.
1685 2667 1823 2699 Floriani,
1843 2667 1883 2692 ob.

239 2716 263 2733 a.
276 2711 347 2734 1295.
