2054 2948
294 165 358 183 nOD.

204 326 278 353 VIII.
292 327 329 354 id.

214 582 275 609 VII.
289 583 325 609 id.

229 839 276 866 VI.
291 839 327 866 id.

223 1313 269 1339 IV.
284 1313 321 1340 id.

220 1528 268 1554 III.
282 1528 319 1554 id.

237 1786 271 1812 II.
285 1786 322 1812 id.

281 1957 317 1983 id.

181 2171 269 2198 XVII.
283 2172 339 2198 kal.

394 840 435 866 10.

391 1141 430 1167 11.

386 1529 426 1555 13.

390 1787 430 1812 14.

383 1958 424 1984 15.

385 2173 433 2198 16.·

744 70 1009 98 NECROLOGIUM
1029 71 1247 100 GARSTENSE.
1760 80 1820 108 347

482 156 532 183 Ob.
547 156 578 182 D.
592 157 743 183 Balthasar
766 156 830 183 abb.
851 157 884 183 de
903 157 1007 189 Seon.¹)
1045 157 1231 191 Wolfgangus
1255 158 1315 192 pbr.
1333 159 1366 185 de
1386 159 1505 186 Mansee.
1544 160 1695 187 Germanus
1714 162 1774 196 pbr.
1787 163 1822 189 de

529 199 633 225 Altach
660 199 793 225 Inferiori.
844 199 996 233 Hilsungus
1029 200 1089 233 pbr.
1110 209 1134 226 u.
1157 209 1178 226 c.
1230 200 1346 227 Ioannes
1376 202 1436 235 pbr.
1462 205 1490 228 et
1522 211 1576 229 sen.
1604 203 1636 230 de
1661 204 1823 238 Tegemsee.

530 242 689 268 Alexander
716 242 776 275 pbr.
797 242 830 268 de
860 242 1068 276 Reichersperg.
1115 242 1306 269 Ferdinandus
1334 244 1392 277 pbr.
1414 244 1588 272 Hilariensis.
1634 246 1716 273 Odilo
1743 247 1823 275 Gott-

531 284 667 311 wieensis.
705 284 890 318 Ildephonsus
909 285 970 318 pbr.
985 285 1012 310 in
1033 285 1108 311 Rott.
1146 285 1263 311 loannes
1282 286 1342 319 pbr.
1357 287 1384 312 iu
1404 287 1522 314 Monsee.

483 327 533 354 Ob.
551 327 582 353 D.
602 326 732 357 Quirinus
751 327 814 353 abb.
833 327 861 352 in
884 327 1071 361 Tegernsee.²)
1119 327 1266 361 Gregorius
1292 329 1352 362 pbr.
1372 330 1405 355 de
1431 329 1463 355 ΞΟ
1480 330 1636 358 Lamberto.
1682 333 1822 360 Romanus

529 370 613 404 prior,
632 369 761 400 Michael,
777 369 953 400 Wilibaldus,
973 370 1178 401 Constantinus9
1198 371 1340 402 Melchior.
1359 371 1497 403 Placidus,
1518 373 1710 409 Wolfgangus,
1730 376 1820 408 Iobus,

527 412 691 443 Alexander,
710 412 835 443 Iacobus,
853 412 990 439 Martinus
1003 415 1032 439 et
1047 413 1222 442 Benedictus,
1236 422 1330 439 omnes
1345 414 1404 447 pbri
1419 415 1454 440 ad
1468 415 1523 440 Sum
1539 416 1632 442 Vitum
1648 417 1687 443 cis
1702 418 1821 446 Rhotam

528 455 556 481 in
576 455 704 481 Bavaria.
741 455 876 489 Virgilius
900 464 956 482 acc.
976 455 1088 482 ibidem.
1126 455 1281 489 Simpertus
1302 457 1360 489 pbr.
1379 457 1413 483 ad
1434 458 1477 483 SOS
1491 458 1653 485 Udalricum
1673 462 1701 486 et
1717 461 1820 488 Afram.

530 497 658 524 Valerius
678 498 738 531 pbr.
752 497 779 523 in
796 498 1005 532 Reichersperg.
1037 498 1160 525 Michael
1179 508 1219 525 ev.
1234 499 1261 524 in
1276 499 1494 526 Miehaelbeiirn.
1527 501 1557 527 D.
1571 502 1738 530 Adalbertus
1757 505 1820 531 abb.

529 541 557 566 in
577 541 680 572 Seon.⁸)
719 541 844 575 Rogatus
863 541 924 574 pbr.
938 541 1050 567 ibidem.
1089 542 1227 567 Antonius
1246 542 1306 575 pbr.
1321 542 1525 569 Lambacensis.

479 584 529 610 Ob.
544 584 686 610 Cunrndus
706 584 739 610 de
759 583 844 614 Bless,
866 584 1028 611 benefactor
1046 594 1071 610 n.
1098 584 1129 610 D.
1144 584 1292 611 Udalricus
1312 585 1375 611 abb.
1390 586 1423 611 (18
1444 586 1687 620 C1·emsminster.⁴)
1719 589 1822 616 Paulus

530 635 570 653 CV.
587 626 619 652 de
640 626 718 652 Cella
737 626 850 653 Mariae.
883 627 1074 661 Hieronymusv
1096 627 1233 662 Casparus
1253 628 1314 661 pbri
1333 628 1367 654 de
1386 629 1489 655 Altaeh
1509 630 1656 663 Superiori.
1694 631 1724 658 D.
1740 632 1821 659 Nico-

525 669 585 696 laus
599 669 660 696 abb.
673 669 846 695 Glunicensis
855 671 883 702 ⁵),
903 670 971 703 prof.
986 670 1207 697 Cremifanensis.
1244 671 1359 697 loannes
1373 672 1433 704 pbr.
1447 674 1475 698 et
1489 681 1544 699 sen.
1559 673 1671 700 ibidem.
1704 675 1733 701 D.
1745 675 1822 702 Mau-

527 721 572 737 rus
592 712 655 738 abb.
673 712 709 738 ad
727 711 784 738 Sum
802 712 931 742 Vitum.⁶)
973 713 1116 739 Wisiutho
1140 714 1200 747 pbr.
1221 713 1254 739 de
1279 714 1498 741 Cremsminster.
1548 715 1682 743 Nioolaus
1706 718 1766 752 pbr.
1785 719 1821 745 ad

527 755 583 781 Sum
598 755 747 781 Martinum
768 755 795 781 in
810 755 942 790 Ungaria.
974 756 1107 790 Iosephus
1126 756 1186 790 pbr.
1200 756 1228 781 iu
1248 757 1412 791 Altenburg.
1446 758 1587 785 Marianus
1600 759 1659 793 pbr.
1675 760 1703 786 in
1717 761 1820 788 Altaeh

525 797 659 824 Inferiori.

481 840 512 866 D.
527 840 701 867 Christianus
721 841 784 867 abb.
800 841 833 867 de
854 841 956 867 Altach
977 841 1117 874 Superiori
1127 842 1155 874 ⁷),
1175 843 1244 875 prof.
1259 842 1286 868 iu
1306 842 1468 876 Tegernsee.
1507 843 1642 878 Georgius
1662 854 1702 872 cv.
1721 846 1749 872 in
1769 847 1819 874 Te-

524 893 645 917 gerusee.
684 885 800 911 Ioannes
823 885 882 918 pbr.
902 885 935 910 de
953 884 1032 911 Seon.
1071 886 1208 918 Casparus
1232 885 1349 911 clericus
1373 885 1407 911 de
1427 886 1530 912 Altaeh
1550 886 1697 920 Superiori.
1736 889 1820 916 Bern-

526 927 629 953 hardus
649 927 707 961 pbr.
723 927 755 953 (18
771 927 989 954 Creuisminster.
1021 928 1050 952 D.
1065 927 1235 954 Adalbertus
1248 928 1346 959 abb.⁸)‚
1367 928 1510 962 Georgius,
1530 929 1676 962 Erhardus,
1698 932 1820 965 Ioannes,

528 969 656 1001 Thomas,
676 970 818 1001 Nieolaus,
839 970 994 1001 Udalricus‚
1015 969 1231 1004 Chris-tophorus
1246 971 1315 1004 phi-⁵,
1337 971 1367 997 fr.
1381 971 1505 998 Andreas
1522 972 1592 998 diac.
1607 982 1630 999 u.
1644 982 1665 999 c.
1697 975 1819 1003 Miebael

526 1013 585 1046 pbr.
604 1013 636 1039 de
663 1013 811 1040 Gottwico.
864 1013 1038 1048 Augustinus
1066 1013 1125 1046 pbr.
1145 1013 1173 1038 in
1195 1013 1356 1047 'Pegernsee
1397 1015 1533 1041 Aut-ouius
1552 1015 1611 1048 pbr.
1631 1016 1665 1043 de
1689 1017 1818 1045 Admont.

525 1056 736 1082 Maximiliauus
759 1057 828 1090 prof.
847 1056 959 1082 ibidem.
1006 1056 1196 1082 Ferclinandus
1225 1057 1284 1089 pbr.
1305 1057 1339 1082 ad
1368 1056 1465 1083 Seotos
1485 1057 1617 1084 Viennae.
1660 1059 1819 1088 Victorinus

524 1099 585 1132 pbr.
600 1098 819 1125 Creniifauensis.
857 1099 1016 1125 Edmundus
1037 1099 1095 1132 pbr.
1110 1099 1328 1126 Formbaeensis.

477 1141 527 1167 Ob.
546 1141 684 1168 Erhardus
710 1142 770 1175 pbr.
790 1151 815 1168 n.
835 1150 857 1168 c.
904 1142 1090 1176 lVolfgangus
1119 1142 1178 1175 pbr.
1199 1143 1232 1168 de
1259 1142 1478 1168 Cremsminster.
1530 1144 1665 1178 Georgius
1691 1145 1761 1172 diac.
1785 1147 1818 1175 de

525 1184 646 1210 Mellico.
684 1184 830 1210 Udalricus
855 1185 915 1218 pbr.
935 1185 967 1211 de
989 1185 1124 1218 Augusta.
1162 1185 1301 1210 Conradus
1321 1185 1397 1218 prior
1420 1185 1453 1211 de
1474 1185 1716 1214 Raittenhaslach.
1753 1189 1818 1217 Gre-

523 1228 617 1262 gorius
636 1227 695 1261 pbr.
716 1227 744 1253 in
764 1227 834 1253 Atti.
871 1229 978 1253 Corona
998 1228 1121 1254 Barbara
1145 1228 1253 1253 smonlis
1272 1228 1348 1261 profa
1372 1228 1399 1253 in
1421 1227 1555 1262 Nunberg
1574 1229 1737 1264 Salisburgi.
1775 1232 1818 1259 Fr.

526 1270 710 1305 Engelbertus
729 1272 797 1304 prof.
812 1271 838 1296 in
861 1271 979 1297 Mansee.
1016 1270 1115 1297 Daniel
1137 1271 1196 1304 pbr.
1211 1272 1239 1296 et
1259 1279 1313 1296 sen.
1334 1270 1361 1296 in
1381 1270 1646 1305 IVeiehenstephan.

475 1313 524 1340 Ob.
539 1314 714 1340 Bernhardus
734 1314 794 1348 pbr.
813 1314 845 1340 de
865 1314 967 1340 Altach
989 1313 1122 1340 Inferiori.
1170 1313 1307 1340 Antonius
1328 1314 1386 1347 pbr.
1404 1314 1438 1340 de
1459 1314 1604 1341 Lambaco.
1650 1316 1680 1342 D.
1695 1317 1818 1345 Andreas

525 1357 589 1383 abb.
604 1357 785 1389 Mettensisss),
806 1356 833 1382 in
854 1357 1008 1390 Tegernsee
1029 1357 1098 1390 prof.
1136 1356 1167 1382 D.
1183 1357 1341 1382 Leonardus
1361 1357 1424 1383 abb.
1438 1357 1471 1383 de
1491 1357 1692 1391 Formbach.¹⁰)
1731 1361 1818 1388 Lucas

523 1400 582 1433 pbr.
601 1400 634 1425 de
658 1401 793 1434 Augusta.
839 1399 973 1426 Henricus
998 1400 1056 1433 pbr.
1076 1400 1104 1425 in
1130 1399 1239 1426 Gleiuk.
1283 1399 1431 1426 Udalrious
1454 1400 1513 1433 pbr.
1534 1402 1562 1427 et
1589 1401 1665 1434 prior
1687 1403 1720 1428 de
1740 1404 1818 1430 Cella.

524 1442 637 1468 Mariae.
676 1443 868 1468 Ferdinandus
891 1443 951 1476 pbr.
969 1442 1190 1469 Cremifaneusis.
1228 1442 1317 1468 Maria
1336 1443 1515 1477 Cunegundis
1541 1444 1615 1477 prosa
1635 1444 1662 1470 in
1683 1446 1817 1474 Kiebach.

524 1486 724 1512 Constantinus
743 1486 803 1519 pbr.
818 1485 845 1511 in
866 1486 1043 1512 Oberaltaeli.
1082 1486 1235 1519 Leopoldus
1255 1486 1314 1519 pbr.
1330 1485 1441 1512 ibidem.

473 1528 524 1555 Ob.
544 1528 694 1562 Philippus
716 1529 776 1562 pbr.
795 1529 827 1554 de
847 1529 966 1554 Mellico.
1010 1529 1165 1555 Bernardus
1189 1529 1249 1562 pbr.
1293 1528 1414 1555 Thomas
1441 1538 1481 1555 ev.
1500 1529 1533 1554 de
1553 1529 1655 1556 Altaeh
1683 1531 1817 1559 Inferiori.

524 1572 556 1598 D.
574 1572 686 1598 Maurus
705 1572 768 1598 abb.
787 1572 815 1597 iu
836 1572 1036 1606 Tege1·nsee.¹¹)
1074 1571 1258 1604 Hieronymus
1278 1574 1306 1597 et
1326 1571 1428 1597 Paulus
1455 1572 1515 1605 pbri
1540 1572 1572 1598 (18
1592 1572 1623 1598 S⁰
1637 1572 1816 1602 Emmeramo.

522 1615 683 1641 Ambrosius
704 1615 763 1649 pbr.
778 1615 811 1641 de
829 1615 989 1649 Salzburga.
1021 1615 1202 1641 Sebastianus
1222 1615 1281 1648 pbr.
1295 1624 1320 1640 n.
1335 1624 1357 1640 e.
1388 1615 1545 1641 Alexander
1564 1615 1623 1648 pbr.
1637 1615 1671 1642 de
1691 1616 1817 1643 Raitten-

523 1658 647 1684 haslach.
686 1658 806 1684 Michael
828 1667 869 1684 cv.
884 1667 908 1683 n.
923 1667 945 1684 c.
984 1658 1125 1691 Religiosa
1145 1658 1223 1691 virgo
1243 1659 1323 1684 Anna
1342 1658 1419 1691 prosa
1438 1657 1466 1683 in
1487 1658 1622 1684 Kiebach.
1659 1659 1816 1687 Leonardus

523 1701 592 1734 pbr..
611 1701 749 1734 quondam
764 1701 839 1735 prior
858 1701 1035 1727 Ossiacensis.
1067 1701 1248 1727 wenceslaus
1267 1701 1326 1734 pbr.
1346 1700 1373 1726 in
1396 1700 1638 1735 Closs-terneuburg.
1676 1701 1816 1729 Romanus

522 1743 581 1777 pbr.
596 1744 623 1769 in
644 1744 805 1770 Formbach.
843 1744 987 1770 Anselmus
1007 1744 1066 1777 pbr.
1081 1743 1108 1769 in
1127 1744 1247 1770 Mausee.

476 1786 525 1812 Ob.
540 1786 570 1812 D.
585 1786 678 1812 Simon
693 1787 756 1812 abb.
771 1787 803 1812 de
818 1786 1016 1819 samm-gan>
1047 1786 1263 1819 Christophorus
1277 1786 1336 1819 pbr.
1350 1785 1383 1812 de
1399 1785 1500 1812 Altach
1515 1786 1648 1812 Inferiori.
1681 1787 1815 1821 Georgius

522 1829 583 1862 pbr.
602 1829 714 1856 ibidem.
752 1829 932 1855 Sebastianus
956 1829 1015 1863 pbr.
1035 1829 1067 1855 de
1088 1829 1298 1862 Reichersperg.
1337 1828 1551 1861 Christophorus
1575 1829 1635 1862 pbr.
1654 1829 1687 1855 (18
1713 1830 1815 1856 Altach

523 1871 655 1898 Inferiori.
705 1872 884 1898 Sebastianus
914 1872 973 1905 pbr.
996 1872 1024 1898 in
1053 1872 1215 1905 Tegernsee.
1266 1871 1422 1904 Leopoldus
1450 1871 1509 1904 pbr.
1531 1871 1564 1897 de
1593 1871 1814 1899 Seittenstetten.

523 1914 696 1949 August-inus
715 1915 774 1948 pbr.
790 1914 817 1940 in
838 1914 956 1948 Polling.
994 1915 1132 1941 Guarinus
1151 1914 1210 1948 pbr.
1225 1914 1252 1939 in
1274 1914 1483 1947 Reichersperg.

471 1957 520 1984 Ob.
535 1957 565 1984 D.
580 1957 716 1984 Matthias
736 1957 799 1983 abb.
814 1957 846 1983 (18
867 1957 1052 1990 Gottwieo.¹³)
1090 1958 1236 1983 Udalricus
1256 1957 1315 1991 pbr.
1334 1957 1367 1982 de
1386 1957 1456 1983 Atti.
1498 1957 1528 1982 D.
1542 1957 1679 1983 Martinus
1698 1958 1762 1984 abb.
1782 1959 1815 1985 de

522 1999 637 2031 Seouu)
679 2000 814 2034 Georgius
833 2000 893 2034 pbr.
912 2001 944 2026 de
964 2000 1181 2027 Cremsminster.
1219 2000 1340 2026 Thomas
1360 2000 1419 2033 pbr.
1437 2009 1462 2025 n.
1481 2008 1503 2025 e.
1546 1999 1728 2033 Hieronymus
1755 2001 1814 2034 pbr.

520 2043 548 2069 iu
568 2043 720 2070 Chiemsee.
762 2043 794 2069 D.
809 2043 988 2076 Raymundus
1007 2044 1070 2069 abb.
1089 2043 1117 2068 in
1138 2044 1307 2075 Ad1uont.¹·‘·)
1345 2043 1475 2069 Albertus
1495 2043 1563 2076 prof.
1586 2043 1613 2068 in
1635 2042 1813 2070 Oberaltach.

522 2086 653 2112 Placidus
676 2086 736 2120 pbr.
754 2086 789 2112 ad
817 2089 873 2111 Sum
887 2086 999 2113 Petrum
1021 2086 1184 2120 Salisburgi.
1222 2086 1312 2112 Maria
1330 2085 1475 2112 Germ-udis
1494 2087 1521 2111 et
1541 2085 1630 2111 Maria
1650 2085 1750 2112 Ursula
1769 2092 1815 2112 ev*³

523 2129 552 2155 in
573 2129 707 2155 Kiebach.
745 2129 905 2155 Leonardus
924 2129 983 2162 pbr.
998 2129 1026 2154 in
1045 2129 1116 2155 Attl.

471 2172 521 2198 Ob.
538 2171 682 2198 Cunradus
701 2172 799 2206 Steger
818 2175 846 2199 et
866 2172 1040 2206 Cunigundis
1060 2182 1103 2198 ux.
1122 2172 1190 2203 eius,
1211 2172 1401 2198 benefactores
1422 2173 1455 2198 ni.
1487 2172 1585 2197 Petrus
1604 2171 1663 2205 pbr.
1682 2171 1716 2197 de
1735 2170 1814 2198 Seon.

522 2215 619 2241 Petrus
643 2215 702 2248 pbr.
724 2215 757 2241 de
780 2215 900 2242 Mansee.
938 2217 1055 2242 Ioannes
1080 2215 1152 2241 diac.
1170 2215 1203 2241 de
1225 2215 1343 2241 Mellico.
1384 2215 1569 2248 Wolfgangus
1588 2222 1627 2240 cv.
1643 2213 1676 2240 de
1696 2213 1814 2240 Seitten-

521 2259 616 2284 stettn.
654 2258 769 2284 lodocus
789 2259 848 2292 pbr.
863 2259 896 2284 (18
916 2259 1063 2285 Gottwico.
1097 2259 1212 2284 Ioannes
1230 2258 1353 2285 subdiac.
1368 2259 1402 2284 de
1423 2257 1507 2284 Altah
1527 2256 1661 2283 Inferiori.
1700 2257 1814 2282 Ioannes

524 2301 593 2327 diae.
613 2301 646 2327 de
665 2301 767 2327 Altach
786 2301 935 2334 Superiori.
967 2301 1123 2328 Bernardus
1142 2303 1170 2328 et
1190 2301 1329 2327 Amandus
1349 2301 1408 2334 pbri
1428 2300 1455 2325 in
1474 2300 1693 2326 Michaelbeurn.
1726 2299 1814 2325 Wolf-

521 2353 629 2377 gangus
650 2344 708 2377 pbr.
723 2347 751 2370 et
770 2344 801 2370 fr.
839 2345 997 2370 Leonardus
1017 2354 1057 2370 ev.
1072 2345 1100 2370 in
1114 2344 1379 2377 Weichenstephan.
1412 2343 1550 2376 Rupertus
1570 2342 1629 2375 pbr.
1647 2342 1682 2368 ad
1696 2342 1751 2367 Sum
1763 2341 1813 2368 Pe-

519 2389 593 2412 trum
621 2386 784 2421 Salisburgi.
834 2387 923 2412 Maria
952 2387 1054 2413 Rosina
1086 2387 1161 2420 prosa
1189 2387 1217 2412 in
1244 2385 1459 2412 Hoehenwarth.
1509 2385 1672 2418 Rndolphus
1703 2384 1762 2418 pbr.
1780 2393 1812 2410 ex

520 2429 728 2463 Heichersperg.
765 2429 902 2463 Virgilius
922 2430 981 2463 pbr.
995 2429 1248 2463 Cremiphanensis.

265 2518 284 2550 ¹)
303 2518 340 2544 H.
350 2519 437 2551 n.11.‚
455 2519 492 2545 ob.
507 2528 530 2545 (ι.
543 2523 608 2545 1192
627 2527 710 2546 mense
729 2519 809 2546 Iulio.
918 2521 938 2551 2)
963 2519 1006 2545 Ob.
1021 2528 1045 2546 a.
1056 2523 1125 2545 1510.
1237 2520 1258 2549 ³)
1278 2518 1354 2544 Fort.
1367 2518 1391 2544 h.
1406 2526 1432 2543 n.
1446 2517 1497 2548 H„
1517 2517 1555 2542 ob.
1569 2519 1672 2542 ((1694
1691 2516 1760 2549 Any.
1773 2519 1811 2541 19.

161 2561 181 2591 ⁴)
200 2560 237 2586 H.
252 2568 276 2588 n.
288 2561 348 2593 IV..
366 2561 405 2588 ob.
419 2566 530 2588 (tn-184.
680 2564 700 2596 ὃ)
725 2562 895 2588 Ob.cc.16rs›3.
1051 2563 1070 2593 6)
1093 2562 1127 2588 H.
1143 2570 1166 2587 n.
1184 2562 1215 2593 I„
1233 2561 1271 2588 ob.
1285 2564 1390 2592 1‹.1653,
1409 2560 1465 2585 dies
1486 2567 1540 2585 non
1559 2561 1681 2584 constare
1701 2558 1809 2584 ridetur.

160 2603 180 2635 ⁷)
204 2601 251 2629 Ob.
265 2612 290 2630 α,
302 2607 371 2636 1502,
390 2603 445 2630 dies
462 2605 534 2630 ‘sarie
553 2605 682 2631 traditur.
794 2606 814 2637 Β)
837 2605 999 2637 Garstensis,
1020 2605 1057 2630 ob.
1071 2608 1176 2630 ((1461.
1290 2606 1308 2635 Β)
1331 2603 1375 2629 Ob.
1390 2611 1413 2628 α.
1430 2606 1497 2628 1595.
1615 2602 1647 2634 ¹⁰)
1668 2600 1704 2626 H.
1717 2610 1741 2627 η.
1758 2601 1810 2633 11.,

158 2643 196 2671 ob.
211 2654 236 2671 a.
250 2649 323 2672 1572.
431 2648 464 2678 ¹²)
488 2646 533 2673 Ob.
548 2656 571 2674 a.
586 2651 658 2674 1543.
768 2649 800 2681 ¹²)
820 2648 856 2674 H.
875 2656 898 2674 n.
912 2648 977 2680 III..
995 2647 1031 2673 ob.
1046 2651 1150 2673 ‹c.1›5·.>5.
1261 2648 1292 2679 ¹³)
1312 2646 1348 2672 H.
1365 2654 1390 2672 n.
1405 2646 1435 2678 L,
1456 2645 1493 2671 ob.
1513 2654 1537 2671 a.
1553 2648 1615 2670 1507
1632 2651 1716 2669 mense
1730 2643 1809 2669 Iulio.

161 2688 193 2719 ¹⁴)
212 2687 248 2714 H.
262 2696 288 2714 η.
299 2688 332 2722 1.,
353 2689 391 2716 ob.
406 2698 430 2716 a.
444 2693 518 2716 1549.
625 2692 657 2722 ²²)
679 2690 724 2716 Ob.
738 2699 762 2716 (ι.
775 2694 846 2716 1075.

1547 2738 1600 2764 44*
