<?xml version="1.0" encoding="UTF-8"?>
<!DOCTYPE html PUBLIC "-//W3C//DTD XHTML 1.0 Transitional//EN"
    "http://www.w3.org/TR/xhtml1/DTD/xhtml1-transitional.dtd">
<html xmlns="http://www.w3.org/1999/xhtml" xml:lang="en" lang="en">
 <head>
  <title>
</title>
<meta http-equiv="Content-Type" content="text/html;charset=utf-8" />
  <meta name='ocr-system' content='tesseract 3.04.00' />
  <meta name='ocr-capabilities' content='ocr_page ocr_carea ocr_par ocr_line ocrx_word'/>
</head>
<body>
  <div class='ocr_page' id='page_1' title='image "./monumentagenecro04geseuoft_0155.png"; bbox 0 0 2054 2948; ppageno 0'>
   <div class='ocr_carea' id='block_1_1' title="bbox 479 108 1781 144">
    <p class='ocr_par' dir='ltr' id='par_1_1' title="bbox 479 108 1781 144">
     <span class='ocr_line' id='line_1_1' title="bbox 479 108 1781 144; baseline 0.002 -11"><span class='ocrx_word' id='word_1_1' title='bbox 479 108 714 134; x_wconf 82' lang='lat' dir='ltr'>NECROLOGIA</span> <span class='ocrx_word' id='word_1_2' title='bbox 733 108 959 134; x_wconf 84' lang='lat' dir='ltr'><strong>MONASTERII</strong></span> <span class='ocrx_word' id='word_1_3' title='bbox 980 108 1005 134; x_wconf 80' lang='lat' dir='ltr'>S.</span> <span class='ocrx_word' id='word_1_4' title='bbox 1018 108 1167 135; x_wconf 86' lang='lat' dir='ltr'><strong>NICOLAI</strong></span> <span class='ocrx_word' id='word_1_5' title='bbox 1188 109 1432 136; x_wconf 79' lang='lat' dir='ltr'>PATAVIENSIS.</span> <span class='ocrx_word' id='word_1_6' title='bbox 1723 115 1781 144; x_wconf 81' lang='lat'>139</span> 
     </span>
    </p>
   </div>
   <div class='ocr_carea' id='block_1_2' title="bbox 489 193 1782 356">
    <p class='ocr_par' dir='ltr' id='par_1_2' title="bbox 489 193 1782 356">
     <span class='ocr_line' id='line_1_2' title="bbox 490 193 1781 228; baseline 0.004 -8"><span class='ocrx_word' id='word_1_7' title='bbox 490 195 519 220; x_wconf 73' lang='lat' dir='ltr'>et</span> <span class='ocrx_word' id='word_1_8' title='bbox 542 202 600 220; x_wconf 76' lang='lat' dir='ltr'>ean.</span> <span class='ocrx_word' id='word_1_9' title='bbox 620 193 852 226; x_wconf 73' lang='lat' dir='ltr'>salczburgensis.</span> <span class='ocrx_word' id='word_1_10' title='bbox 899 194 1035 220; x_wconf 76' lang='lat' dir='ltr'>Iohannes</span> <span class='ocrx_word' id='word_1_11' title='bbox 1060 194 1094 220; x_wconf 83' lang='lat' dir='ltr'>de</span> <span class='ocrx_word' id='word_1_12' title='bbox 1119 194 1302 221; x_wconf 72' lang='lat' dir='ltr'>Seittenstetn</span> <span class='ocrx_word' id='word_1_13' title='bbox 1328 195 1388 228; x_wconf 82' lang='lat' dir='ltr'>pbr.</span> <span class='ocrx_word' id='word_1_14' title='bbox 1411 197 1439 222; x_wconf 76' lang='lat' dir='ltr'>el:</span> <span class='ocrx_word' id='word_1_15' title='bbox 1466 204 1525 222; x_wconf 82' lang='lat' dir='ltr'>can.</span> <span class='ocrx_word' id='word_1_16' title='bbox 1548 196 1576 222; x_wconf 88' lang='lat' dir='ltr'>in</span> <span class='ocrx_word' id='word_1_17' title='bbox 1600 197 1781 225; x_wconf 78' lang='lat' dir='ltr'>Balthauseu.</span> 
     </span>
     <span class='ocr_line' id='line_1_3' title="bbox 491 236 1782 272; baseline 0.003 -10"><span class='ocrx_word' id='word_1_18' title='bbox 491 236 676 269; x_wconf 80' lang='lat' dir='ltr'>[Reverendus</span> <span class='ocrx_word' id='word_1_19' title='bbox 699 236 726 262; x_wconf 87' lang='lat' dir='ltr'>in</span> <span class='ocrx_word' id='word_1_20' title='bbox 747 236 856 262; x_wconf 79' lang='lat' dir='ltr'>Christo</span> <span class='ocrx_word' id='word_1_21' title='bbox 876 236 905 262; x_wconf 86' lang='lat' dir='ltr'>P.</span> <span class='ocrx_word' id='word_1_22' title='bbox 923 245 955 262; x_wconf 79' lang='lat' dir='ltr'>ae</span> <span class='ocrx_word' id='word_1_23' title='bbox 974 237 1006 262; x_wconf 88' lang='lat' dir='ltr'>D.</span> <span class='ocrx_word' id='word_1_24' title='bbox 1021 236 1051 262; x_wconf 91' lang='lat' dir='ltr'>D.</span> <span class='ocrx_word' id='word_1_25' title='bbox 1067 237 1237 262; x_wconf 84' lang='lat' dir='ltr'>lheronimus</span> <span class='ocrx_word' id='word_1_26' title='bbox 1258 246 1335 270; x_wconf 85' lang='lat' dir='ltr'>ppos.</span> <span class='ocrx_word' id='word_1_27' title='bbox 1351 238 1379 263; x_wconf 87' lang='lat' dir='ltr'>in</span> <span class='ocrx_word' id='word_1_28' title='bbox 1402 238 1655 272; x_wconf 78' lang='lat' dir='ltr'>Raythenpueeh.¹)</span> <span class='ocrx_word' id='word_1_29' title='bbox 1696 240 1726 266; x_wconf 87' lang='lat' dir='ltr'>D.</span> <span class='ocrx_word' id='word_1_30' title='bbox 1742 241 1782 267; x_wconf 92' lang='lat' dir='ltr'>Io-</span> 
     </span>
     <span class='ocr_line' id='line_1_4' title="bbox 489 278 1782 314; baseline 0.004 -10"><span class='ocrx_word' id='word_1_31' title='bbox 489 279 595 306; x_wconf 81' lang='lat' dir='ltr'>hannes</span> <span class='ocrx_word' id='word_1_32' title='bbox 607 279 727 312; x_wconf 78' lang='lat' dir='ltr'>Spayser</span> <span class='ocrx_word' id='word_1_33' title='bbox 746 279 805 312; x_wconf 88' lang='lat' dir='ltr'>pbr.</span> <span class='ocrx_word' id='word_1_34' title='bbox 820 281 849 305; x_wconf 75' lang='lat' dir='ltr'>et</span> <span class='ocrx_word' id='word_1_35' title='bbox 862 280 930 312; x_wconf 90' lang='lat' dir='ltr'>prof.</span> <span class='ocrx_word' id='word_1_36' title='bbox 945 278 1047 304; x_wconf 80' lang='lat' dir='ltr'>ibidem</span> <span class='ocrx_word' id='word_1_37' title='bbox 1061 279 1171 305; x_wconf 85' lang='lat' dir='ltr'>subdec.</span> <span class='ocrx_word' id='word_1_38' title='bbox 1204 280 1232 305; x_wconf 50' lang='lat' dir='ltr'>D.</span> <span class='ocrx_word' id='word_1_39' title='bbox 1245 280 1414 306; x_wconf 84' lang='lat' dir='ltr'>Wilhelmus</span> <span class='ocrx_word' id='word_1_40' title='bbox 1430 281 1490 314; x_wconf 87' lang='lat' dir='ltr'>pbr.</span> <span class='ocrx_word' id='word_1_41' title='bbox 1504 281 1616 308; x_wconf 83' lang='lat' dir='ltr'>ibidem.</span> <span class='ocrx_word' id='word_1_42' title='bbox 1647 282 1678 308; x_wconf 93' lang='lat' dir='ltr'>D.</span> <span class='ocrx_word' id='word_1_43' title='bbox 1689 283 1782 310; x_wconf 86' lang='lat' dir='ltr'>Hiere—</span> 
     </span>
     <span class='ocr_line' id='line_1_5' title="bbox 489 321 1350 356; baseline 0.001 -9"><span class='ocrx_word' id='word_1_44' title='bbox 489 321 560 347; x_wconf 81' lang='lat' dir='ltr'>mias</span> <span class='ocrx_word' id='word_1_45' title='bbox 578 330 655 355; x_wconf 85' lang='lat' dir='ltr'>ppos.</span> <span class='ocrx_word' id='word_1_46' title='bbox 670 321 704 347; x_wconf 84' lang='lat' dir='ltr'>ad</span> <span class='ocrx_word' id='word_1_47' title='bbox 725 321 780 347; x_wconf 76' lang='lat' dir='ltr'>Sum</span> <span class='ocrx_word' id='word_1_48' title='bbox 801 322 956 352; x_wconf 77' lang='lat' dir='ltr'>Nicolaum,</span> <span class='ocrx_word' id='word_1_49' title='bbox 976 321 1021 354; x_wconf 87' lang='lat' dir='ltr'>pie</span> <span class='ocrx_word' id='word_1_50' title='bbox 1041 321 1188 347; x_wconf 78' lang='lat' dir='ltr'>defunctus</span> <span class='ocrx_word' id='word_1_51' title='bbox 1208 330 1249 348; x_wconf 84' lang='lat' dir='ltr'>ao.</span> <span class='ocrx_word' id='word_1_52' title='bbox 1266 322 1350 356; x_wconf 56' lang='lat'>1585]</span> 
     </span>
    </p>
   </div>
   <div class='ocr_carea' id='block_1_3' title="bbox 179 364 1781 409">
    <p class='ocr_par' dir='ltr' id='par_1_3' title="bbox 179 364 1781 409">
     <span class='ocr_line' id='line_1_6' title="bbox 179 364 1781 409; baseline 0.004 -16"><span class='ocrx_word' id='word_1_53' title='bbox 179 368 240 394; x_wconf 86' lang='lat' dir='ltr'>XII.</span> <span class='ocrx_word' id='word_1_54' title='bbox 254 368 310 394; x_wconf 86' lang='lat' dir='ltr'>kal.</span> <span class='ocrx_word' id='word_1_55' title='bbox 355 368 396 394; x_wconf 95' lang='lat'>21.</span> <span class='ocrx_word' id='word_1_56' title='bbox 441 365 551 406; x_wconf 83' lang='lat' dir='ltr'>Agnes</span> <span class='ocrx_word' id='word_1_57' title='bbox 574 376 627 396; x_wconf 86' lang='lat' dir='ltr'>ux.</span> <span class='ocrx_word' id='word_1_58' title='bbox 647 366 798 405; x_wconf 83' lang='lat' dir='ltr'>pincerne</span> <span class='ocrx_word' id='word_1_59' title='bbox 823 365 862 396; x_wconf 86' lang='lat' dir='ltr'>de</span> <span class='ocrx_word' id='word_1_60' title='bbox 888 364 1077 405; x_wconf 82' lang='lat' dir='ltr'>Griezpaoh.</span> <span class='ocrx_word' id='word_1_61' title='bbox 1125 364 1218 396; x_wconf 86' lang='lat' dir='ltr'>Unde</span> <span class='ocrx_word' id='word_1_62' title='bbox 1242 366 1399 397; x_wconf 77' lang='lat' dir='ltr'>habemus</span> <span class='ocrx_word' id='word_1_63' title='bbox 1426 366 1460 407; x_wconf 84' lang='lat' dir='ltr'>¹l2</span> <span class='ocrx_word' id='word_1_64' title='bbox 1479 372 1508 397; x_wconf 55' lang='lat' dir='ltr'>«lb.</span> <span class='ocrx_word' id='word_1_65' title='bbox 1554 368 1689 409; x_wconf 78' lang='lat' dir='ltr'>Magnus</span> <span class='ocrx_word' id='word_1_66' title='bbox 1712 369 1781 409; x_wconf 86' lang='lat' dir='ltr'><strong>pbr.</strong></span> 
     </span>
    </p>
   </div>
   <div class='ocr_carea' id='block_1_4' title="bbox 189 416 1784 1372">
    <p class='ocr_par' dir='ltr' id='par_1_4' title="bbox 488 416 1784 670">
     <span class='ocr_line' id='line_1_7' title="bbox 489 416 1780 457; baseline 0.003 -11"><span class='ocrx_word' id='word_1_67' title='bbox 489 417 543 447; x_wconf 87' lang='lat' dir='ltr'>cfr.</span> <span class='ocrx_word' id='word_1_68' title='bbox 561 427 590 447; x_wconf 92' lang='lat' dir='ltr'>n.</span> <span class='ocrx_word' id='word_1_69' title='bbox 609 417 648 447; x_wconf 87' lang='lat' dir='ltr'>de</span> <span class='ocrx_word' id='word_1_70' title='bbox 673 416 708 447; x_wconf 84' lang='lat' dir='ltr'>S⁰</span> <span class='ocrx_word' id='word_1_71' title='bbox 726 416 869 457; x_wconf 78' lang='lat' dir='ltr'>Ypolito.</span> <span class='ocrx_word' id='word_1_72' title='bbox 916 416 1079 447; x_wconf 80' lang='lat' dir='ltr'>Georius</span> <span class='ocrx_word' id='word_1_73' title='bbox 1102 416 1179 457; x_wconf 86' lang='lat' dir='ltr'>pbr.</span> <span class='ocrx_word' id='word_1_74' title='bbox 1199 420 1235 447; x_wconf 79' lang='lat' dir='ltr'>et</span> <span class='ocrx_word' id='word_1_75' title='bbox 1259 417 1465 448; x_wconf 75' lang='lat' dir='ltr'>can.e0011&#39;0</span> <span class='ocrx_word' id='word_1_76' title='bbox 1489 418 1780 451; x_wconf 82' lang='lat' dir='ltr'>Walthusensis.</span> 
     </span>
     <span class='ocr_line' id='line_1_8' title="bbox 488 466 1782 503; baseline 0.003 -11"><span class='ocrx_word' id='word_1_77' title='bbox 488 467 634 500; x_wconf 81' lang='lat' dir='ltr'>Reczpach</span> <span class='ocrx_word' id='word_1_78' title='bbox 654 468 714 500; x_wconf 85' lang='lat' dir='ltr'>pbr.</span> <span class='ocrx_word' id='word_1_79' title='bbox 732 468 760 493; x_wconf 75' lang='lat' dir='ltr'>el:</span> <span class='ocrx_word' id='word_1_80' title='bbox 780 475 839 493; x_wconf 80' lang='lat' dir='ltr'>can.</span> <span class='ocrx_word' id='word_1_81' title='bbox 859 467 892 493; x_wconf 87' lang='lat' dir='ltr'>de</span> <span class='ocrx_word' id='word_1_82' title='bbox 911 466 1108 500; x_wconf 71' lang='lat' dir='ltr'>Herezogbfirg</span> <span class='ocrx_word' id='word_1_83' title='bbox 1127 467 1175 493; x_wconf 84' lang='lat' dir='ltr'>cfr.</span> <span class='ocrx_word' id='word_1_84' title='bbox 1188 477 1213 492; x_wconf 93' lang='lat' dir='ltr'>n.</span> <span class='ocrx_word' id='word_1_85' title='bbox 1227 468 1271 493; x_wconf 91' lang='lat' dir='ltr'>ob.</span> <span class='ocrx_word' id='word_1_86' title='bbox 1307 468 1445 494; x_wconf 75' lang='lat' dir='ltr'>Martinus</span> <span class='ocrx_word' id='word_1_87' title='bbox 1465 468 1555 495; x_wconf 76' lang='lat' dir='ltr'>dietus</span> <span class='ocrx_word' id='word_1_88' title='bbox 1576 469 1702 495; x_wconf 84' lang='lat' dir='ltr'>Wenchk</span> <span class='ocrx_word' id='word_1_89' title='bbox 1721 471 1782 503; x_wconf 88' lang='lat' dir='ltr'>pbr.</span> 
     </span>
     <span class='ocr_line' id='line_1_9' title="bbox 490 509 1782 539; baseline 0.002 -3"><span class='ocrx_word' id='word_1_90' title='bbox 490 512 519 536; x_wconf 71' lang='lat' dir='ltr'>et</span> <span class='ocrx_word' id='word_1_91' title='bbox 532 518 591 536; x_wconf 81' lang='lat' dir='ltr'>ean.</span> <span class='ocrx_word' id='word_1_92' title='bbox 605 510 632 535; x_wconf 89' lang='lat' dir='ltr'>in</span> <span class='ocrx_word' id='word_1_93' title='bbox 645 510 846 536; x_wconf 69' lang='lat' dir='ltr'>Walthawsen.</span> <span class='ocrx_word' id='word_1_94' title='bbox 877 509 1041 535; x_wconf 77' lang='lat' dir='ltr'>christanus</span> <span class='ocrx_word' id='word_1_95' title='bbox 1054 509 1145 535; x_wconf 76' lang='lat' dir='ltr'>dictus</span> <span class='ocrx_word' id='word_1_96' title='bbox 1160 510 1311 536; x_wconf 85' lang='lat' dir='ltr'>Muldorfer</span> <span class='ocrx_word' id='word_1_97' title='bbox 1325 511 1445 536; x_wconf 78' lang='lat' dir='ltr'>famulus</span> <span class='ocrx_word' id='word_1_98' title='bbox 1461 511 1488 536; x_wconf 90' lang='lat' dir='ltr'>in</span> <span class='ocrx_word' id='word_1_99' title='bbox 1502 512 1579 537; x_wconf 77' lang='lat' dir='ltr'>curia</span> <span class='ocrx_word' id='word_1_100' title='bbox 1592 517 1631 538; x_wconf 71' lang='lat'>11³¹.</span> <span class='ocrx_word' id='word_1_101' title='bbox 1662 513 1782 539; x_wconf 80' lang='lat' dir='ltr'>Thomas</span> 
     </span>
     <span class='ocr_line' id='line_1_10' title="bbox 490 551 1783 586; baseline 0.004 -9"><span class='ocrx_word' id='word_1_102' title='bbox 490 552 577 578; x_wconf 81' lang='lat' dir='ltr'>Witel</span> <span class='ocrx_word' id='word_1_103' title='bbox 602 560 680 586; x_wconf 87' lang='lat' dir='ltr'>ppos.</span> <span class='ocrx_word' id='word_1_104' title='bbox 700 552 727 577; x_wconf 91' lang='lat' dir='ltr'>in</span> <span class='ocrx_word' id='word_1_105' title='bbox 748 552 939 583; x_wconf 79' lang='lat' dir='ltr'>Ranshofen.²)</span> <span class='ocrx_word' id='word_1_106' title='bbox 978 551 1124 578; x_wconf 66' lang='lat' dir='ltr'>Balthaser</span> <span class='ocrx_word' id='word_1_107' title='bbox 1148 552 1220 579; x_wconf 62' lang='lat' dir='ltr'>diac.</span> <span class='ocrx_word' id='word_1_108' title='bbox 1238 553 1318 578; x_wconf 75' lang='lat' dir='ltr'>ecelie</span> <span class='ocrx_word' id='word_1_109' title='bbox 1339 553 1536 580; x_wconf 75' lang='lat' dir='ltr'>Seccoviensis.</span> <span class='ocrx_word' id='word_1_110' title='bbox 1575 555 1706 581; x_wconf 69' lang='lat' dir='ltr'>Nicolaus</span> <span class='ocrx_word' id='word_1_111' title='bbox 1725 565 1783 583; x_wconf 80' lang='lat' dir='ltr'>aec.</span> 
     </span>
     <span class='ocr_line' id='line_1_11' title="bbox 490 594 1784 630; baseline 0.003 -10"><span class='ocrx_word' id='word_1_112' title='bbox 490 594 602 621; x_wconf 79' lang='lat' dir='ltr'>ibidem.</span> <span class='ocrx_word' id='word_1_113' title='bbox 641 595 739 621; x_wconf 77' lang='lat' dir='ltr'>Petrus</span> <span class='ocrx_word' id='word_1_114' title='bbox 759 603 800 621; x_wconf 82' lang='lat' dir='ltr'>cv.</span> <span class='ocrx_word' id='word_1_115' title='bbox 838 594 973 620; x_wconf 80' lang='lat' dir='ltr'>Iohannes</span> <span class='ocrx_word' id='word_1_116' title='bbox 993 603 1033 620; x_wconf 66' lang='lat' dir='ltr'>cr.</span> <span class='ocrx_word' id='word_1_117' title='bbox 1072 595 1212 621; x_wconf 68' lang='lat' dir='ltr'>Com-auus</span> <span class='ocrx_word' id='word_1_118' title='bbox 1226 604 1266 621; x_wconf 82' lang='lat' dir='ltr'>cv.</span> <span class='ocrx_word' id='word_1_119' title='bbox 1282 596 1395 622; x_wconf 82' lang='lat' dir='ltr'>ibidem.</span> <span class='ocrx_word' id='word_1_120' title='bbox 1435 596 1475 630; x_wconf 92' lang='lat' dir='ltr'>[D.</span> <span class='ocrx_word' id='word_1_121' title='bbox 1492 597 1627 624; x_wconf 79' lang='lat' dir='ltr'>lohannes</span> <span class='ocrx_word' id='word_1_122' title='bbox 1641 598 1731 624; x_wconf 85' lang='lat' dir='ltr'>senior</span> <span class='ocrx_word' id='word_1_123' title='bbox 1749 599 1784 625; x_wconf 87' lang='lat' dir='ltr'>de</span> 
     </span>
     <span class='ocr_line' id='line_1_12' title="bbox 492 637 763 670; baseline 0 -7"><span class='ocrx_word' id='word_1_124' title='bbox 492 637 647 664; x_wconf 80' lang='lat' dir='ltr'>Novacella</span> <span class='ocrx_word' id='word_1_125' title='bbox 667 638 713 663; x_wconf 82' lang='lat' dir='ltr'>cfr.</span> <span class='ocrx_word' id='word_1_126' title='bbox 727 639 763 670; x_wconf 64' lang='grc' dir='ltr'>η]</span> 
     </span>
    </p>

    <p class='ocr_par' dir='ltr' id='par_1_5' title="bbox 189 681 1784 850">
     <span class='ocr_line' id='line_1_13' title="bbox 189 681 1781 721; baseline 0.005 -13"><span class='ocrx_word' id='word_1_127' title='bbox 189 682 236 708; x_wconf 78' lang='lat' dir='ltr'>XI.</span> <span class='ocrx_word' id='word_1_128' title='bbox 250 682 306 709; x_wconf 80' lang='lat' dir='ltr'>kal.</span> <span class='ocrx_word' id='word_1_129' title='bbox 351 683 392 710; x_wconf 77' lang='lat'>22.</span> <span class='ocrx_word' id='word_1_130' title='bbox 437 681 563 711; x_wconf 84' lang='lat' dir='ltr'>Ulrious</span> <span class='ocrx_word' id='word_1_131' title='bbox 590 681 659 721; x_wconf 86' lang='lat' dir='ltr'>pbr.</span> <span class='ocrx_word' id='word_1_132' title='bbox 685 684 717 711; x_wconf 79' lang='lat' dir='ltr'>et</span> <span class='ocrx_word' id='word_1_133' title='bbox 745 691 812 711; x_wconf 80' lang='lat' dir='ltr'>ean.</span> <span class='ocrx_word' id='word_1_134' title='bbox 837 681 876 712; x_wconf 90' lang='lat' dir='ltr'>de</span> <span class='ocrx_word' id='word_1_135' title='bbox 902 681 1124 711; x_wconf 81' lang='lat' dir='ltr'>Walthausen.</span> <span class='ocrx_word' id='word_1_136' title='bbox 1174 684 1396 718; x_wconf 77' lang='lat' dir='ltr'>Engelschalkns</span> <span class='ocrx_word' id='word_1_137' title='bbox 1424 687 1485 720; x_wconf 87' lang='lat' dir='ltr'>pbr.</span> <span class='ocrx_word' id='word_1_138' title='bbox 1508 689 1536 713; x_wconf 80' lang='lat' dir='ltr'>et</span> <span class='ocrx_word' id='word_1_139' title='bbox 1559 696 1620 713; x_wconf 79' lang='lat' dir='ltr'>can.</span> <span class='ocrx_word' id='word_1_140' title='bbox 1643 689 1669 715; x_wconf 88' lang='lat' dir='ltr'>h.</span> <span class='ocrx_word' id='word_1_141' title='bbox 1692 685 1781 716; x_wconf 57' lang='lat' dir='ltr'>ecclie.</span> 
     </span>
     <span class='ocr_line' id='line_1_14' title="bbox 491 731 1781 765; baseline 0.004 -8"><span class='ocrx_word' id='word_1_142' title='bbox 491 731 669 757; x_wconf 71' lang='lat' dir='ltr'>Leonhardus</span> <span class='ocrx_word' id='word_1_143' title='bbox 689 732 882 758; x_wconf 75' lang='lat' dir='ltr'>Haselbartter</span> <span class='ocrx_word' id='word_1_144' title='bbox 901 731 960 764; x_wconf 88' lang='lat' dir='ltr'>pbr.</span> <span class='ocrx_word' id='word_1_145' title='bbox 976 733 1004 757; x_wconf 77' lang='lat' dir='ltr'>et</span> <span class='ocrx_word' id='word_1_146' title='bbox 1023 740 1083 757; x_wconf 77' lang='lat' dir='ltr'>can.</span> <span class='ocrx_word' id='word_1_147' title='bbox 1097 731 1124 756; x_wconf 82' lang='lat' dir='ltr'>h.</span> <span class='ocrx_word' id='word_1_148' title='bbox 1139 732 1220 757; x_wconf 68' lang='lat' dir='ltr'>ecclie</span> <span class='ocrx_word' id='word_1_149' title='bbox 1239 732 1282 757; x_wconf 88' lang='lat' dir='ltr'>ob.</span> <span class='ocrx_word' id='word_1_150' title='bbox 1321 732 1456 765; x_wconf 77' lang='lat' dir='ltr'>Magister</span> <span class='ocrx_word' id='word_1_151' title='bbox 1474 733 1621 760; x_wconf 76' lang='lat' dir='ltr'>Udalricus</span> <span class='ocrx_word' id='word_1_152' title='bbox 1640 735 1673 761; x_wconf 88' lang='lat' dir='ltr'>de</span> <span class='ocrx_word' id='word_1_153' title='bbox 1691 735 1781 762; x_wconf 73' lang='lat' dir='ltr'>salcz-</span> 
     </span>
     <span class='ocr_line' id='line_1_15' title="bbox 490 774 1784 808; baseline 0.005 -9"><span class='ocrx_word' id='word_1_154' title='bbox 490 782 591 808; x_wconf 75' lang='lat' dir='ltr'>purga.</span> <span class='ocrx_word' id='word_1_155' title='bbox 617 774 664 807; x_wconf 89' lang='lat' dir='ltr'>qui</span> <span class='ocrx_word' id='word_1_156' title='bbox 688 774 766 800; x_wconf 76' lang='lat' dir='ltr'>dedit</span> <span class='ocrx_word' id='word_1_157' title='bbox 788 774 867 800; x_wconf 81' lang='lat' dir='ltr'>nobis</span> <span class='ocrx_word' id='word_1_158' title='bbox 891 775 901 800; x_wconf 90' lang='lat'>1</span> <span class='ocrx_word' id='word_1_159' title='bbox 924 774 1036 808; x_wconf 85' lang='lat' dir='ltr'>eiphum</span> <span class='ocrx_word' id='word_1_160' title='bbox 1060 775 1222 807; x_wconf 73' lang='lat' dir='ltr'>argenteum</span> <span class='ocrx_word' id='word_1_161' title='bbox 1245 776 1273 800; x_wconf 72' lang='lat' dir='ltr'>et</span> <span class='ocrx_word' id='word_1_162' title='bbox 1296 775 1467 801; x_wconf 72' lang='lat' dir='ltr'>deauratum.</span> <span class='ocrx_word' id='word_1_163' title='bbox 1510 776 1672 803; x_wconf 81' lang='lat' dir='ltr'>Chunradus</span> <span class='ocrx_word' id='word_1_164' title='bbox 1691 778 1784 805; x_wconf 80' lang='lat' dir='ltr'>Stiber</span> 
     </span>
     <span class='ocr_line' id='line_1_16' title="bbox 492 817 951 850; baseline 0 -8"><span class='ocrx_word' id='word_1_165' title='bbox 492 817 551 850; x_wconf 86' lang='lat' dir='ltr'>pbr.</span> <span class='ocrx_word' id='word_1_166' title='bbox 566 818 594 843; x_wconf 72' lang='lat' dir='ltr'>et</span> <span class='ocrx_word' id='word_1_167' title='bbox 613 826 671 843; x_wconf 74' lang='lat' dir='ltr'>can.</span> <span class='ocrx_word' id='word_1_168' title='bbox 688 817 714 842; x_wconf 91' lang='lat' dir='ltr'>in</span> <span class='ocrx_word' id='word_1_169' title='bbox 734 817 951 843; x_wconf 79' lang='lat' dir='ltr'>Newnkirchen.</span> 
     </span>
    </p>

    <p class='ocr_par' dir='ltr' id='par_1_6' title="bbox 201 859 1783 1167">
     <span class='ocr_line' id='line_1_17' title="bbox 201 859 1781 901; baseline 0.005 -13"><span class='ocrx_word' id='word_1_170' title='bbox 201 863 234 889; x_wconf 80' lang='lat' dir='ltr'>X.</span> <span class='ocrx_word' id='word_1_171' title='bbox 247 863 304 890; x_wconf 81' lang='lat' dir='ltr'>kal.</span> <span class='ocrx_word' id='word_1_172' title='bbox 350 863 392 890; x_wconf 83' lang='lat'>23.</span> <span class='ocrx_word' id='word_1_173' title='bbox 438 860 614 891; x_wconf 81' lang='lat' dir='ltr'>Leutoldus</span> <span class='ocrx_word' id='word_1_174' title='bbox 639 860 707 901; x_wconf 85' lang='lat' dir='ltr'>pbr.</span> <span class='ocrx_word' id='word_1_175' title='bbox 729 864 760 891; x_wconf 79' lang='lat' dir='ltr'>et</span> <span class='ocrx_word' id='word_1_176' title='bbox 785 871 853 891; x_wconf 83' lang='lat' dir='ltr'>can.</span> <span class='ocrx_word' id='word_1_177' title='bbox 872 860 901 891; x_wconf 77' lang='lat' dir='ltr'>Si</span> <span class='ocrx_word' id='word_1_178' title='bbox 920 860 1051 901; x_wconf 79' lang='lat' dir='ltr'>Ypoliti.</span> <span class='ocrx_word' id='word_1_179' title='bbox 1099 859 1289 890; x_wconf 75' lang='lat' dir='ltr'>chunradus</span> <span class='ocrx_word' id='word_1_180' title='bbox 1314 860 1381 901; x_wconf 88' lang='lat' dir='ltr'>pbr.</span> <span class='ocrx_word' id='word_1_181' title='bbox 1401 862 1455 892; x_wconf 72' lang='lat' dir='ltr'>cfr.</span> <span class='ocrx_word' id='word_1_182' title='bbox 1474 873 1502 892; x_wconf 90' lang='lat' dir='ltr'>n.</span> <span class='ocrx_word' id='word_1_183' title='bbox 1524 866 1556 893; x_wconf 81' lang='lat' dir='ltr'>et</span> <span class='ocrx_word' id='word_1_184' title='bbox 1579 873 1647 894; x_wconf 77' lang='lat' dir='ltr'>can.</span> <span class='ocrx_word' id='word_1_185' title='bbox 1666 863 1781 896; x_wconf 82' lang='lat' dir='ltr'>Secco-</span> 
     </span>
     <span class='ocr_line' id='line_1_18' title="bbox 490 911 1781 954; baseline 0.004 -13"><span class='ocrx_word' id='word_1_186' title='bbox 490 911 614 942; x_wconf 75' lang='lat' dir='ltr'>Viensis.</span> <span class='ocrx_word' id='word_1_187' title='bbox 653 916 790 942; x_wconf 76' lang='lat' dir='ltr'>Iohannes</span> <span class='ocrx_word' id='word_1_188' title='bbox 810 915 1038 949; x_wconf 73' lang='lat' dir='ltr'>Parsenprunniir</span> <span class='ocrx_word' id='word_1_189' title='bbox 1057 924 1135 949; x_wconf 83' lang='lat' dir='ltr'>ppos.</span> <span class='ocrx_word' id='word_1_190' title='bbox 1150 915 1177 940; x_wconf 90' lang='lat' dir='ltr'>in</span> <span class='ocrx_word' id='word_1_191' title='bbox 1198 915 1438 949; x_wconf 52' lang='lat' dir='ltr'>Herczenbfirgff)</span> <span class='ocrx_word' id='word_1_192' title='bbox 1458 917 1504 942; x_wconf 71' lang='lat' dir='ltr'>cfr.</span> <span class='ocrx_word' id='word_1_193' title='bbox 1520 926 1543 943; x_wconf 89' lang='lat' dir='ltr'>n.</span> <span class='ocrx_word' id='word_1_194' title='bbox 1582 918 1680 944; x_wconf 81' lang='lat' dir='ltr'>Petrus</span> <span class='ocrx_word' id='word_1_195' title='bbox 1699 920 1781 954; x_wconf 81' lang='lat' dir='ltr'>Taig-</span> 
     </span>
     <span class='ocr_line' id='line_1_19' title="bbox 489 962 1783 998; baseline 0.001 -11"><span class='ocrx_word' id='word_1_196' title='bbox 489 962 569 988; x_wconf 83' lang='lat' dir='ltr'>seber</span> <span class='ocrx_word' id='word_1_197' title='bbox 592 971 670 996; x_wconf 88' lang='lat' dir='ltr'>ppos.</span> <span class='ocrx_word' id='word_1_198' title='bbox 688 963 714 988; x_wconf 86' lang='lat' dir='ltr'>in</span> <span class='ocrx_word' id='word_1_199' title='bbox 736 962 958 996; x_wconf 43' lang='lat' dir='ltr'>Rayteupffiehb,</span> <span class='ocrx_word' id='word_1_200' title='bbox 982 963 1030 988; x_wconf 81' lang='lat' dir='ltr'>cfr.</span> <span class='ocrx_word' id='word_1_201' title='bbox 1047 971 1072 988; x_wconf 90' lang='lat' dir='ltr'>n.</span> <span class='ocrx_word' id='word_1_202' title='bbox 1114 962 1173 995; x_wconf 91' lang='lat' dir='ltr'>[Ob.</span> <span class='ocrx_word' id='word_1_203' title='bbox 1192 963 1356 988; x_wconf 70' lang='lat' dir='ltr'>reverendus</span> <span class='ocrx_word' id='word_1_204' title='bbox 1376 963 1406 988; x_wconf 90' lang='lat' dir='ltr'>P.</span> <span class='ocrx_word' id='word_1_205' title='bbox 1426 963 1455 989; x_wconf 92' lang='lat' dir='ltr'>D.</span> <span class='ocrx_word' id='word_1_206' title='bbox 1474 965 1597 998; x_wconf 80' lang='lat' dir='ltr'>Angelus</span> <span class='ocrx_word' id='word_1_207' title='bbox 1620 966 1683 992; x_wconf 79' lang='lat' dir='ltr'>abb,</span> <span class='ocrx_word' id='word_1_208' title='bbox 1701 968 1783 993; x_wconf 75' lang='lat' dir='ltr'>monii</span> 
     </span>
     <span class='ocr_line' id='line_1_20' title="bbox 490 1004 1782 1044; baseline 0.005 -14"><span class='ocrx_word' id='word_1_209' title='bbox 490 1004 723 1038; x_wconf 77' lang='lat' dir='ltr'>Forupaceusis.⁵)</span> <span class='ocrx_word' id='word_1_210' title='bbox 760 1005 791 1032; x_wconf 94' lang='lat' dir='ltr'>D.</span> <span class='ocrx_word' id='word_1_211' title='bbox 805 1005 980 1031; x_wconf 68' lang='lat' dir='ltr'>Cristofferus</span> <span class='ocrx_word' id='word_1_212' title='bbox 1003 1005 1062 1038; x_wconf 86' lang='lat' dir='ltr'>pbr.</span> <span class='ocrx_word' id='word_1_213' title='bbox 1081 1006 1109 1030; x_wconf 79' lang='lat' dir='ltr'>et</span> <span class='ocrx_word' id='word_1_214' title='bbox 1129 1013 1188 1031; x_wconf 79' lang='lat' dir='ltr'>ean.</span> <span class='ocrx_word' id='word_1_215' title='bbox 1206 1005 1234 1030; x_wconf 86' lang='lat' dir='ltr'>in</span> <span class='ocrx_word' id='word_1_216' title='bbox 1254 1005 1450 1032; x_wconf 72' lang='lat' dir='ltr'>Walthausen.</span> <span class='ocrx_word' id='word_1_217' title='bbox 1487 1007 1543 1033; x_wconf 89' lang='lat' dir='ltr'>Sor.</span> <span class='ocrx_word' id='word_1_218' title='bbox 1557 1008 1683 1035; x_wconf 70' lang='lat' dir='ltr'>Elizabet</span> <span class='ocrx_word' id='word_1_219' title='bbox 1701 1011 1782 1044; x_wconf 57' lang='lat' dir='ltr'>profu</span> 
     </span>
     <span class='ocr_line' id='line_1_21' title="bbox 490 1047 1783 1081; baseline 0.005 -9"><span class='ocrx_word' id='word_1_220' title='bbox 490 1047 656 1081; x_wconf 76' lang='lat' dir='ltr'>Salczburge</span> <span class='ocrx_word' id='word_1_221' title='bbox 680 1048 708 1073; x_wconf 89' lang='lat' dir='ltr'>in</span> <span class='ocrx_word' id='word_1_222' title='bbox 732 1049 819 1074; x_wconf 83' lang='lat' dir='ltr'>monio</span> <span class='ocrx_word' id='word_1_223' title='bbox 844 1048 954 1074; x_wconf 85' lang='lat' dir='ltr'>monium</span> <span class='ocrx_word' id='word_1_224' title='bbox 980 1047 1092 1074; x_wconf 85' lang='lat' dir='ltr'>ibidem.</span> <span class='ocrx_word' id='word_1_225' title='bbox 1135 1047 1185 1073; x_wconf 89' lang='lat' dir='ltr'>Ob.</span> <span class='ocrx_word' id='word_1_226' title='bbox 1203 1048 1374 1081; x_wconf 70' lang='lat' dir='ltr'>Augustinus</span> <span class='ocrx_word' id='word_1_227' title='bbox 1398 1049 1507 1076; x_wconf 82' lang='lat' dir='ltr'>Strobel</span> <span class='ocrx_word' id='word_1_228' title='bbox 1531 1050 1594 1077; x_wconf 74' lang='lat' dir='ltr'>abb.</span> <span class='ocrx_word' id='word_1_229' title='bbox 1615 1052 1643 1077; x_wconf 86' lang='lat' dir='ltr'>in</span> <span class='ocrx_word' id='word_1_230' title='bbox 1662 1053 1783 1080; x_wconf 78' lang='lat' dir='ltr'>Altaeha</span> 
     </span>
     <span class='ocr_line' id='line_1_22' title="bbox 489 1090 1782 1125; baseline 0.006 -10"><span class='ocrx_word' id='word_1_231' title='bbox 489 1090 644 1124; x_wconf 80' lang='lat' dir='ltr'>Inferiori⁸)</span> <span class='ocrx_word' id='word_1_232' title='bbox 673 1092 701 1116; x_wconf 79' lang='lat' dir='ltr'>et</span> <span class='ocrx_word' id='word_1_233' title='bbox 729 1092 752 1116; x_wconf 78' lang='lat'>(3.</span> <span class='ocrx_word' id='word_1_234' title='bbox 772 1091 840 1116; x_wconf 86' lang='lat' dir='ltr'>Non.</span> <span class='ocrx_word' id='word_1_235' title='bbox 859 1090 964 1124; x_wconf 78' lang='lat' dir='ltr'>Aprilis</span> <span class='ocrx_word' id='word_1_236' title='bbox 987 1091 1029 1116; x_wconf 92' lang='lat' dir='ltr'>ob.</span> <span class='ocrx_word' id='word_1_237' title='bbox 1074 1090 1116 1116; x_wconf 86' lang='lat' dir='ltr'>Fr.</span> <span class='ocrx_word' id='word_1_238' title='bbox 1137 1090 1314 1116; x_wconf 74' lang='lat' dir='ltr'>Gundtberus</span> <span class='ocrx_word' id='word_1_239' title='bbox 1342 1091 1448 1125; x_wconf 80' lang='lat' dir='ltr'>Herzog</span> <span class='ocrx_word' id='word_1_240' title='bbox 1476 1092 1502 1118; x_wconf 89' lang='lat' dir='ltr'>in</span> <span class='ocrx_word' id='word_1_241' title='bbox 1530 1093 1713 1121; x_wconf 76' lang='lat' dir='ltr'>Nideraltaeh</span> <span class='ocrx_word' id='word_1_242' title='bbox 1741 1105 1782 1123; x_wconf 80' lang='lat' dir='ltr'>cv.</span> 
     </span>
     <span class='ocr_line' id='line_1_23' title="bbox 487 1132 1280 1167; baseline 0 -9"><span class='ocrx_word' id='word_1_243' title='bbox 487 1132 530 1158; x_wconf 87' lang='lat' dir='ltr'>Fr.</span> <span class='ocrx_word' id='word_1_244' title='bbox 545 1132 683 1166; x_wconf 76' lang='lat' dir='ltr'>Caspai-us</span> <span class='ocrx_word' id='word_1_245' title='bbox 702 1134 870 1167; x_wconf 73' lang='lat' dir='ltr'>Bregentzer</span> <span class='ocrx_word' id='word_1_246' title='bbox 889 1134 947 1166; x_wconf 86' lang='lat' dir='ltr'>pbr.</span> <span class='ocrx_word' id='word_1_247' title='bbox 962 1136 990 1159; x_wconf 76' lang='lat' dir='ltr'>et</span> <span class='ocrx_word' id='word_1_248' title='bbox 1009 1142 1043 1159; x_wconf 86' lang='lat' dir='ltr'>m.</span> <span class='ocrx_word' id='word_1_249' title='bbox 1058 1133 1085 1158; x_wconf 84' lang='lat' dir='ltr'>iu</span> <span class='ocrx_word' id='word_1_250' title='bbox 1106 1133 1280 1166; x_wconf 62' lang='lat' dir='ltr'>Fornibaoli]</span> 
     </span>
    </p>

    <p class='ocr_par' dir='ltr' id='par_1_7' title="bbox 191 1175 1782 1372">
     <span class='ocr_line' id='line_1_24' title="bbox 191 1175 1781 1217; baseline 0.006 -14"><span class='ocrx_word' id='word_1_251' title='bbox 191 1178 237 1204; x_wconf 90' lang='lat' dir='ltr'>IX.</span> <span class='ocrx_word' id='word_1_252' title='bbox 252 1178 307 1205; x_wconf 81' lang='lat' dir='ltr'>kal.</span> <span class='ocrx_word' id='word_1_253' title='bbox 353 1179 393 1205; x_wconf 85' lang='lat'>24.</span> <span class='ocrx_word' id='word_1_254' title='bbox 438 1175 609 1217; x_wconf 83' lang='lat' dir='ltr'>Rudgerus</span> <span class='ocrx_word' id='word_1_255' title='bbox 627 1180 732 1207; x_wconf 79' lang='lat' dir='ltr'>eustos</span> <span class='ocrx_word' id='word_1_256' title='bbox 749 1188 816 1207; x_wconf 75' lang='lat' dir='ltr'>can.</span> <span class='ocrx_word' id='word_1_257' title='bbox 831 1177 1042 1208; x_wconf 75' lang='lat' dir='ltr'>Pataviensis.</span> <span class='ocrx_word' id='word_1_258' title='bbox 1083 1176 1146 1207; x_wconf 75' lang='lat' dir='ltr'>Hic</span> <span class='ocrx_word' id='word_1_259' title='bbox 1166 1176 1254 1207; x_wconf 82' lang='lat' dir='ltr'>dedit</span> <span class='ocrx_word' id='word_1_260' title='bbox 1272 1177 1362 1207; x_wconf 87' lang='lat' dir='ltr'>nobis</span> <span class='ocrx_word' id='word_1_261' title='bbox 1381 1179 1420 1208; x_wconf 86' lang='lat'>30</span> <span class='ocrx_word' id='word_1_262' title='bbox 1439 1182 1459 1211; x_wconf 64' lang='grc' dir='ltr'>ᾧ.</span> <span class='ocrx_word' id='word_1_263' title='bbox 1481 1179 1521 1209; x_wconf 87' lang='lat' dir='ltr'>de</span> <span class='ocrx_word' id='word_1_264' title='bbox 1539 1179 1634 1211; x_wconf 88' lang='lat' dir='ltr'>domo</span> <span class='ocrx_word' id='word_1_265' title='bbox 1652 1182 1683 1211; x_wconf 93' lang='lat' dir='ltr'>in</span> <span class='ocrx_word' id='word_1_266' title='bbox 1700 1193 1781 1213; x_wconf 89' lang='lat' dir='ltr'>novo</span> 
     </span>
     <span class='ocr_line' id='line_1_25' title="bbox 488 1227 1781 1268; baseline 0.005 -10"><span class='ocrx_word' id='word_1_267' title='bbox 488 1227 567 1258; x_wconf 87' lang='lat' dir='ltr'>foro.</span> <span class='ocrx_word' id='word_1_268' title='bbox 605 1227 734 1259; x_wconf 80' lang='lat' dir='ltr'>Oblatio</span> <span class='ocrx_word' id='word_1_269' title='bbox 752 1228 849 1258; x_wconf 86' lang='lat' dir='ltr'>ohori.</span> <span class='ocrx_word' id='word_1_270' title='bbox 885 1228 967 1258; x_wconf 85' lang='lat' dir='ltr'>Item</span> <span class='ocrx_word' id='word_1_271' title='bbox 986 1227 1101 1258; x_wconf 87' lang='lat' dir='ltr'>eodem</span> <span class='ocrx_word' id='word_1_272' title='bbox 1120 1227 1170 1257; x_wconf 82' lang='lat' dir='ltr'>die</span> <span class='ocrx_word' id='word_1_273' title='bbox 1190 1227 1229 1258; x_wconf 83' lang='lat' dir='ltr'>de.</span> <span class='ocrx_word' id='word_1_274' title='bbox 1244 1227 1439 1259; x_wconf 82' lang='lat' dir='ltr'>Perohtoldo</span> <span class='ocrx_word' id='word_1_275' title='bbox 1454 1229 1589 1261; x_wconf 82' lang='lat' dir='ltr'>Sehoroz</span> <span class='ocrx_word' id='word_1_276' title='bbox 1604 1234 1644 1262; x_wconf 84' lang='lat'>60</span> <span class='ocrx_word' id='word_1_277' title='bbox 1659 1237 1679 1268; x_wconf 67' lang='lat' dir='ltr'>el-</span> <span class='ocrx_word' id='word_1_278' title='bbox 1715 1233 1781 1264; x_wconf 93' lang='lat' dir='ltr'>Ob—</span> 
     </span>
     <span class='ocr_line' id='line_1_26' title="bbox 489 1277 1782 1323; baseline 0.004 -13"><span class='ocrx_word' id='word_1_279' title='bbox 489 1279 565 1310; x_wconf 81' lang='lat' dir='ltr'>latio</span> <span class='ocrx_word' id='word_1_280' title='bbox 591 1279 688 1310; x_wconf 86' lang='lat' dir='ltr'>chori.</span> <span class='ocrx_word' id='word_1_281' title='bbox 734 1279 905 1310; x_wconf 80' lang='lat' dir='ltr'>Hainricus</span> <span class='ocrx_word' id='word_1_282' title='bbox 928 1279 995 1319; x_wconf 87' lang='lat' dir='ltr'>pbr.</span> <span class='ocrx_word' id='word_1_283' title='bbox 1014 1278 1117 1309; x_wconf 83' lang='lat' dir='ltr'>dictus</span> <span class='ocrx_word' id='word_1_284' title='bbox 1133 1277 1270 1309; x_wconf 68' lang='lat' dir='ltr'>Pfirsten</span> <span class='ocrx_word' id='word_1_285' title='bbox 1293 1279 1454 1319; x_wconf 83' lang='lat' dir='ltr'>pincerna.</span> <span class='ocrx_word' id='word_1_286' title='bbox 1500 1282 1530 1312; x_wconf 94' lang='lat' dir='ltr'><strong>A</strong></span> <span class='ocrx_word' id='word_1_287' title='bbox 1547 1293 1609 1323; x_wconf 89' lang='lat' dir='ltr'>quo</span> <span class='ocrx_word' id='word_1_288' title='bbox 1627 1283 1782 1315; x_wconf 84' lang='lat' dir='ltr'>habemus</span> 
     </span>
     <span class='ocr_line' id='line_1_27' title="bbox 489 1330 1781 1372; baseline 0.005 -11"><span class='ocrx_word' id='word_1_289' title='bbox 489 1332 529 1362; x_wconf 84' lang='lat'>60</span> <span class='ocrx_word' id='word_1_290' title='bbox 548 1334 568 1366; x_wconf 68' lang='grc' dir='ltr'>ᾧ.</span> <span class='ocrx_word' id='word_1_291' title='bbox 592 1342 688 1372; x_wconf 86' lang='lat' dir='ltr'>super</span> <span class='ocrx_word' id='word_1_292' title='bbox 710 1332 818 1362; x_wconf 79' lang='lat' dir='ltr'>instita</span> <span class='ocrx_word' id='word_1_293' title='bbox 841 1342 913 1370; x_wconf 79' lang='lat' dir='ltr'>una,</span> <span class='ocrx_word' id='word_1_294' title='bbox 938 1341 1019 1371; x_wconf 81' lang='lat' dir='ltr'>quae</span> <span class='ocrx_word' id='word_1_295' title='bbox 1044 1341 1101 1361; x_wconf 79' lang='lat' dir='ltr'>sua</span> <span class='ocrx_word' id='word_1_296' title='bbox 1120 1333 1169 1361; x_wconf 77' lang='lat' dir='ltr'>est</span> <span class='ocrx_word' id='word_1_297' title='bbox 1184 1330 1266 1360; x_wconf 78' lang='lat' dir='ltr'>intra</span> <span class='ocrx_word' id='word_1_298' title='bbox 1284 1331 1407 1361; x_wconf 76' lang='lat' dir='ltr'>institas</span> <span class='ocrx_word' id='word_1_299' title='bbox 1424 1332 1513 1363; x_wconf 79' lang='lat' dir='ltr'>iuxta</span> <span class='ocrx_word' id='word_1_300' title='bbox 1531 1333 1661 1365; x_wconf 86' lang='lat' dir='ltr'>domum</span> <span class='ocrx_word' id='word_1_301' title='bbox 1678 1335 1781 1367; x_wconf 77' lang='lat' dir='ltr'>Haut-</span> 
     </span>
    </p>
   </div>
   <div class='ocr_carea' id='block_1_5' title="bbox 164 1382 1780 1518">
    <p class='ocr_par' dir='ltr' id='par_1_8' title="bbox 164 1382 1780 1518">
     <span class='ocr_line' id='line_1_28' title="bbox 489 1382 1780 1425; baseline 0.005 -13"><span class='ocrx_word' id='word_1_302' title='bbox 489 1382 643 1414; x_wconf 71' lang='lat' dir='ltr'>sehfistar.</span> <span class='ocrx_word' id='word_1_303' title='bbox 683 1387 823 1414; x_wconf 78' lang='lat' dir='ltr'>Dietricus</span> <span class='ocrx_word' id='word_1_304' title='bbox 846 1387 905 1413; x_wconf 85' lang='lat' dir='ltr'>dec.</span> <span class='ocrx_word' id='word_1_305' title='bbox 924 1388 952 1413; x_wconf 73' lang='lat' dir='ltr'>et</span> <span class='ocrx_word' id='word_1_306' title='bbox 972 1388 1020 1412; x_wconf 82' lang='lat' dir='ltr'>cfr.</span> <span class='ocrx_word' id='word_1_307' title='bbox 1039 1395 1065 1412; x_wconf 90' lang='lat' dir='ltr'>n.</span> <span class='ocrx_word' id='word_1_308' title='bbox 1084 1386 1113 1412; x_wconf 91' lang='lat' dir='ltr'>in</span> <span class='ocrx_word' id='word_1_309' title='bbox 1129 1386 1354 1420; x_wconf 74' lang='lat' dir='ltr'>Reiehersperig.</span> <span class='ocrx_word' id='word_1_310' title='bbox 1394 1387 1426 1413; x_wconf 90' lang='lat' dir='ltr'>D.</span> <span class='ocrx_word' id='word_1_311' title='bbox 1444 1388 1565 1415; x_wconf 82' lang='lat' dir='ltr'>Thomas</span> <span class='ocrx_word' id='word_1_312' title='bbox 1586 1390 1645 1423; x_wconf 81' lang='lat' dir='ltr'>pbr.</span> <span class='ocrx_word' id='word_1_313' title='bbox 1664 1393 1692 1417; x_wconf 78' lang='lat' dir='ltr'>et</span> <span class='ocrx_word' id='word_1_314' title='bbox 1709 1393 1780 1425; x_wconf 83' lang='lat' dir='ltr'>prof.</span> 
     </span>
     <span class='ocr_line' id='line_1_29' title="bbox 490 1432 1723 1471; baseline 0.003 -12"><span class='ocrx_word' id='word_1_315' title='bbox 490 1433 525 1459; x_wconf 84' lang='lat' dir='ltr'>ad</span> <span class='ocrx_word' id='word_1_316' title='bbox 545 1434 600 1459; x_wconf 71' lang='lat' dir='ltr'>Sum</span> <span class='ocrx_word' id='word_1_317' title='bbox 622 1434 765 1467; x_wconf 77' lang='lat' dir='ltr'>Ypolitum</span> <span class='ocrx_word' id='word_1_318' title='bbox 786 1435 814 1460; x_wconf 75' lang='lat' dir='ltr'>et</span> <span class='ocrx_word' id='word_1_319' title='bbox 832 1432 983 1459; x_wconf 72' lang='lat' dir='ltr'>multitudo</span> <span class='ocrx_word' id='word_1_320' title='bbox 1003 1433 1133 1459; x_wconf 84' lang='lat' dir='ltr'>fidelium.</span> <span class='ocrx_word' id='word_1_321' title='bbox 1171 1432 1223 1465; x_wconf 84' lang='lat' dir='ltr'>[Fr.</span> <span class='ocrx_word' id='word_1_322' title='bbox 1240 1432 1387 1466; x_wconf 76' lang='lat' dir='ltr'>Dionysius</span> <span class='ocrx_word' id='word_1_323' title='bbox 1407 1434 1477 1460; x_wconf 77' lang='lat' dir='ltr'>diac.</span> <span class='ocrx_word' id='word_1_324' title='bbox 1492 1434 1518 1460; x_wconf 85' lang='lat' dir='ltr'>in</span> <span class='ocrx_word' id='word_1_325' title='bbox 1540 1435 1723 1471; x_wconf 66' lang='lat' dir='ltr'>Untei-storff.]</span> 
     </span>
     <span class='ocr_line' id='line_1_30' title="bbox 164 1475 1779 1518; baseline 0.006 -15"><span class='ocrx_word' id='word_1_326' title='bbox 164 1478 309 1505; x_wconf 76' lang='lat' dir='ltr'>V111.ka1.</span> <span class='ocrx_word' id='word_1_327' title='bbox 354 1479 394 1505; x_wconf 80' lang='lat'>25.</span> <span class='ocrx_word' id='word_1_328' title='bbox 440 1476 611 1507; x_wconf 83' lang='lat' dir='ltr'>Hainricus</span> <span class='ocrx_word' id='word_1_329' title='bbox 634 1477 702 1518; x_wconf 86' lang='lat' dir='ltr'>pbr.</span> <span class='ocrx_word' id='word_1_330' title='bbox 721 1480 753 1508; x_wconf 79' lang='lat' dir='ltr'>et</span> <span class='ocrx_word' id='word_1_331' title='bbox 777 1488 846 1508; x_wconf 78' lang='lat' dir='ltr'>ean.</span> <span class='ocrx_word' id='word_1_332' title='bbox 868 1477 907 1508; x_wconf 85' lang='lat' dir='ltr'>de</span> <span class='ocrx_word' id='word_1_333' title='bbox 932 1476 968 1507; x_wconf 80' lang='lat' dir='ltr'>SO</span> <span class='ocrx_word' id='word_1_334' title='bbox 993 1476 1152 1506; x_wconf 71' lang='lat' dir='ltr'>Floriano.</span> <span class='ocrx_word' id='word_1_335' title='bbox 1200 1475 1275 1506; x_wconf 76' lang='lat' dir='ltr'>Otto</span> <span class='ocrx_word' id='word_1_336' title='bbox 1302 1477 1369 1517; x_wconf 84' lang='lat' dir='ltr'>pbr.</span> <span class='ocrx_word' id='word_1_337' title='bbox 1392 1477 1522 1509; x_wconf 88' lang='lat' dir='ltr'>ibidem.</span> <span class='ocrx_word' id='word_1_338' title='bbox 1569 1479 1736 1511; x_wconf 81' lang='lat' dir='ltr'>Rieholfus</span> <span class='ocrx_word' id='word_1_339' title='bbox 1760 1482 1779 1512; x_wconf 94' lang='lat' dir='ltr'>l.</span> 
     </span>
    </p>
   </div>
   <div class='ocr_carea' id='block_1_6' title="bbox 175 1527 1807 2211">
    <p class='ocr_par' dir='ltr' id='par_1_9' title="bbox 490 1527 1781 1824">
     <span class='ocr_line' id='line_1_31' title="bbox 490 1527 1781 1568; baseline 0.005 -10"><span class='ocrx_word' id='word_1_340' title='bbox 490 1527 584 1559; x_wconf 82' lang='lat' dir='ltr'>Unde</span> <span class='ocrx_word' id='word_1_341' title='bbox 612 1528 769 1558; x_wconf 80' lang='lat' dir='ltr'>habemus</span> <span class='ocrx_word' id='word_1_342' title='bbox 798 1531 838 1559; x_wconf 78' lang='grc'>60</span> <span class='ocrx_word' id='word_1_343' title='bbox 860 1533 876 1563; x_wconf 60' lang='grc' dir='ltr'>ᾧ</span> <span class='ocrx_word' id='word_1_344' title='bbox 910 1528 949 1559; x_wconf 78' lang='lat' dir='ltr'>de</span> <span class='ocrx_word' id='word_1_345' title='bbox 973 1553 978 1558; x_wconf 91' lang='lat'>.</span> <span class='ocrx_word' id='word_1_346' title='bbox 1002 1552 1008 1558; x_wconf 92' lang='lat'>.</span> <span class='ocrx_word' id='word_1_347' title='bbox 1033 1528 1068 1567; x_wconf 73' lang='lat'>.³)</span> <span class='ocrx_word' id='word_1_348' title='bbox 1114 1532 1263 1558; x_wconf 58' lang='lat' dir='ltr'>Halm-icus</span> <span class='ocrx_word' id='word_1_349' title='bbox 1289 1533 1514 1560; x_wconf 63' lang='lat' dir='ltr'>Froschehmser</span> <span class='ocrx_word' id='word_1_350' title='bbox 1537 1535 1597 1568; x_wconf 85' lang='lat' dir='ltr'>pbr.</span> <span class='ocrx_word' id='word_1_351' title='bbox 1620 1538 1648 1562; x_wconf 79' lang='lat' dir='ltr'>et</span> <span class='ocrx_word' id='word_1_352' title='bbox 1671 1546 1732 1564; x_wconf 75' lang='lat' dir='ltr'>can.</span> <span class='ocrx_word' id='word_1_353' title='bbox 1752 1538 1781 1564; x_wconf 79' lang='lat' dir='ltr'>in</span> 
     </span>
     <span class='ocr_line' id='line_1_32' title="bbox 490 1578 1781 1614; baseline 0.005 -11"><span class='ocrx_word' id='word_1_354' title='bbox 490 1578 658 1605; x_wconf 77' lang='lat' dir='ltr'>Ranshofen.</span> <span class='ocrx_word' id='word_1_355' title='bbox 695 1579 787 1604; x_wconf 79' lang='lat' dir='ltr'>Simon</span> <span class='ocrx_word' id='word_1_356' title='bbox 808 1579 868 1612; x_wconf 86' lang='lat' dir='ltr'>pbr.</span> <span class='ocrx_word' id='word_1_357' title='bbox 883 1581 911 1604; x_wconf 66' lang='lat' dir='ltr'>eb</span> <span class='ocrx_word' id='word_1_358' title='bbox 930 1588 990 1604; x_wconf 75' lang='lat' dir='ltr'>can.</span> <span class='ocrx_word' id='word_1_359' title='bbox 1006 1578 1030 1604; x_wconf 71' lang='lat' dir='ltr'>Si</span> <span class='ocrx_word' id='word_1_360' title='bbox 1046 1578 1177 1604; x_wconf 83' lang='lat' dir='ltr'>Floriani.</span> <span class='ocrx_word' id='word_1_361' title='bbox 1215 1578 1257 1604; x_wconf 83' lang='lat' dir='ltr'>Fr.</span> <span class='ocrx_word' id='word_1_362' title='bbox 1271 1578 1408 1604; x_wconf 65' lang='lat' dir='ltr'>Martinus</span> <span class='ocrx_word' id='word_1_363' title='bbox 1428 1580 1497 1605; x_wconf 68' lang='lat' dir='ltr'>diac.</span> <span class='ocrx_word' id='word_1_364' title='bbox 1512 1583 1540 1606; x_wconf 76' lang='lat' dir='ltr'>et</span> <span class='ocrx_word' id='word_1_365' title='bbox 1560 1582 1629 1614; x_wconf 72' lang='lat' dir='ltr'>pros.</span> <span class='ocrx_word' id='word_1_366' title='bbox 1644 1581 1671 1607; x_wconf 88' lang='lat' dir='ltr'>in</span> <span class='ocrx_word' id='word_1_367' title='bbox 1690 1583 1781 1609; x_wconf 84' lang='lat' dir='ltr'>Form-</span> 
     </span>
     <span class='ocr_line' id='line_1_33' title="bbox 490 1621 1780 1656; baseline 0.003 -9"><span class='ocrx_word' id='word_1_368' title='bbox 490 1621 571 1653; x_wconf 78' lang='lat' dir='ltr'>paeh.</span> <span class='ocrx_word' id='word_1_369' title='bbox 609 1621 639 1647; x_wconf 88' lang='lat' dir='ltr'>D.</span> <span class='ocrx_word' id='word_1_370' title='bbox 652 1621 845 1647; x_wconf 75' lang='lat' dir='ltr'>Wurkhardus</span> <span class='ocrx_word' id='word_1_371' title='bbox 863 1622 897 1647; x_wconf 85' lang='lat' dir='ltr'>de</span> <span class='ocrx_word' id='word_1_372' title='bbox 909 1621 1102 1654; x_wconf 76' lang='lat' dir='ltr'>Weyspriach.</span> <span class='ocrx_word' id='word_1_373' title='bbox 1117 1621 1268 1646; x_wconf 69' lang='lat' dir='ltr'>cardinalis</span> <span class='ocrx_word' id='word_1_374' title='bbox 1287 1624 1315 1647; x_wconf 74' lang='lat' dir='ltr'>et</span> <span class='ocrx_word' id='word_1_375' title='bbox 1334 1630 1390 1654; x_wconf 81' lang='lat' dir='ltr'>eps.</span> <span class='ocrx_word' id='word_1_376' title='bbox 1404 1622 1659 1656; x_wconf 58' lang='lat' dir='ltr'>Sakzburgensisff)</span> <span class='ocrx_word' id='word_1_377' title='bbox 1696 1625 1726 1651; x_wconf 91' lang='lat' dir='ltr'>D.</span> <span class='ocrx_word' id='word_1_378' title='bbox 1742 1626 1780 1651; x_wconf 91' lang='lat' dir='ltr'>Io-</span> 
     </span>
     <span class='ocr_line' id='line_1_34' title="bbox 491 1663 1780 1698; baseline 0.004 -9"><span class='ocrx_word' id='word_1_379' title='bbox 491 1664 595 1689; x_wconf 82' lang='lat' dir='ltr'>hannes</span> <span class='ocrx_word' id='word_1_380' title='bbox 610 1664 806 1690; x_wconf 70' lang='lat' dir='ltr'>Meserschmid</span> <span class='ocrx_word' id='word_1_381' title='bbox 826 1664 853 1689; x_wconf 89' lang='lat' dir='ltr'>in</span> <span class='ocrx_word' id='word_1_382' title='bbox 868 1664 1075 1697; x_wconf 62' lang='lat' dir='ltr'>Rayttmwuch.</span> <span class='ocrx_word' id='word_1_383' title='bbox 1114 1664 1166 1696; x_wconf 83' lang='lat' dir='ltr'>[Fr.</span> <span class='ocrx_word' id='word_1_384' title='bbox 1181 1663 1297 1689; x_wconf 71' lang='lat' dir='ltr'>lacobus</span> <span class='ocrx_word' id='word_1_385' title='bbox 1317 1664 1375 1697; x_wconf 88' lang='lat' dir='ltr'>pbr.</span> <span class='ocrx_word' id='word_1_386' title='bbox 1391 1667 1418 1691; x_wconf 80' lang='lat' dir='ltr'>et</span> <span class='ocrx_word' id='word_1_387' title='bbox 1438 1666 1506 1698; x_wconf 86' lang='lat' dir='ltr'>prof.</span> <span class='ocrx_word' id='word_1_388' title='bbox 1520 1667 1599 1692; x_wconf 81' lang='lat' dir='ltr'>monii</span> <span class='ocrx_word' id='word_1_389' title='bbox 1618 1668 1638 1692; x_wconf 77' lang='lat' dir='ltr'>si</span> <span class='ocrx_word' id='word_1_390' title='bbox 1652 1668 1780 1694; x_wconf 75' lang='lat' dir='ltr'>Mauricii</span> 
     </span>
     <span class='ocr_line' id='line_1_35' title="bbox 491 1706 1780 1737; baseline 0.004 -5"><span class='ocrx_word' id='word_1_391' title='bbox 491 1707 517 1732; x_wconf 89' lang='lat' dir='ltr'>in</span> <span class='ocrx_word' id='word_1_392' title='bbox 545 1707 645 1732; x_wconf 74' lang='lat' dir='ltr'>Altach</span> <span class='ocrx_word' id='word_1_393' title='bbox 673 1706 806 1733; x_wconf 80' lang='lat' dir='ltr'>Inferiori.</span> <span class='ocrx_word' id='word_1_394' title='bbox 851 1707 880 1733; x_wconf 88' lang='lat' dir='ltr'>D.</span> <span class='ocrx_word' id='word_1_395' title='bbox 900 1706 1075 1732; x_wconf 71' lang='lat' dir='ltr'>Lawrencius</span> <span class='ocrx_word' id='word_1_396' title='bbox 1099 1706 1225 1732; x_wconf 70' lang='lat' dir='ltr'>Terwein</span> <span class='ocrx_word' id='word_1_397' title='bbox 1253 1715 1312 1732; x_wconf 75' lang='lat' dir='ltr'>can.</span> <span class='ocrx_word' id='word_1_398' title='bbox 1331 1710 1359 1732; x_wconf 70' lang='lat' dir='ltr'>eb</span> <span class='ocrx_word' id='word_1_399' title='bbox 1384 1716 1438 1734; x_wconf 72' lang='lat' dir='ltr'>sac.</span> <span class='ocrx_word' id='word_1_400' title='bbox 1459 1710 1540 1734; x_wconf 78' lang='lat' dir='ltr'>monii</span> <span class='ocrx_word' id='word_1_401' title='bbox 1566 1710 1780 1737; x_wconf 80' lang='lat' dir='ltr'>Noveeelleusis.</span> 
     </span>
     <span class='ocr_line' id='line_1_36' title="bbox 491 1749 1781 1784; baseline 0.003 -9"><span class='ocrx_word' id='word_1_402' title='bbox 491 1749 541 1775; x_wconf 91' lang='lat' dir='ltr'>Ob.</span> <span class='ocrx_word' id='word_1_403' title='bbox 555 1749 701 1783; x_wconf 78' lang='lat' dir='ltr'>religiosus</span> <span class='ocrx_word' id='word_1_404' title='bbox 727 1750 768 1775; x_wconf 89' lang='lat' dir='ltr'>vir</span> <span class='ocrx_word' id='word_1_405' title='bbox 787 1749 817 1775; x_wconf 88' lang='lat' dir='ltr'>D.</span> <span class='ocrx_word' id='word_1_406' title='bbox 833 1749 1014 1780; x_wconf 48' lang='lat' dir='ltr'>Hieroniinu&amp;</span> <span class='ocrx_word' id='word_1_407' title='bbox 1035 1751 1196 1782; x_wconf 79' lang='lat' dir='ltr'>procurator</span> <span class='ocrx_word' id='word_1_408' title='bbox 1219 1749 1278 1782; x_wconf 84' lang='lat' dir='ltr'>pbr.</span> <span class='ocrx_word' id='word_1_409' title='bbox 1293 1752 1320 1775; x_wconf 76' lang='lat' dir='ltr'>et</span> <span class='ocrx_word' id='word_1_410' title='bbox 1345 1759 1403 1776; x_wconf 77' lang='lat' dir='ltr'>can.</span> <span class='ocrx_word' id='word_1_411' title='bbox 1422 1754 1449 1777; x_wconf 84' lang='lat' dir='ltr'>et</span> <span class='ocrx_word' id='word_1_412' title='bbox 1470 1752 1537 1784; x_wconf 82' lang='lat' dir='ltr'>prof.</span> <span class='ocrx_word' id='word_1_413' title='bbox 1553 1752 1578 1778; x_wconf 93' lang='lat' dir='ltr'>h.</span> <span class='ocrx_word' id='word_1_414' title='bbox 1596 1754 1683 1783; x_wconf 69' lang='lat' dir='ltr'>monii,</span> <span class='ocrx_word' id='word_1_415' title='bbox 1704 1753 1781 1779; x_wconf 85' lang='lat' dir='ltr'>cuius</span> 
     </span>
     <span class='ocr_line' id='line_1_37' title="bbox 490 1791 1178 1824; baseline 0 -7"><span class='ocrx_word' id='word_1_416' title='bbox 490 1792 583 1818; x_wconf 75' lang='lat' dir='ltr'>anima</span> <span class='ocrx_word' id='word_1_417' title='bbox 604 1793 631 1818; x_wconf 82' lang='lat' dir='ltr'>in</span> <span class='ocrx_word' id='word_1_418' title='bbox 653 1792 708 1818; x_wconf 81' lang='lat' dir='ltr'>Deo</span> <span class='ocrx_word' id='word_1_419' title='bbox 728 1792 814 1818; x_wconf 81' lang='lat' dir='ltr'>vivat.</span> <span class='ocrx_word' id='word_1_420' title='bbox 850 1793 945 1818; x_wconf 85' lang='lat' dir='ltr'>Amen.</span> <span class='ocrx_word' id='word_1_421' title='bbox 983 1793 1031 1817; x_wconf 90' lang='lat' dir='ltr'>Ao.</span> <span class='ocrx_word' id='word_1_422' title='bbox 1048 1791 1178 1824; x_wconf 74' lang='lat' dir='ltr'>Di1548.]</span> 
     </span>
    </p>

    <p class='ocr_par' dir='ltr' id='par_1_10' title="bbox 175 1834 1782 2116">
     <span class='ocr_line' id='line_1_38' title="bbox 175 1834 1779 1876; baseline 0.005 -14"><span class='ocrx_word' id='word_1_423' title='bbox 175 1836 236 1862; x_wconf 77' lang='lat' dir='ltr'>Vll.</span> <span class='ocrx_word' id='word_1_424' title='bbox 250 1837 306 1864; x_wconf 80' lang='lat' dir='ltr'>kal.</span> <span class='ocrx_word' id='word_1_425' title='bbox 352 1838 392 1865; x_wconf 79' lang='lat'>26.</span> <span class='ocrx_word' id='word_1_426' title='bbox 439 1834 565 1865; x_wconf 78' lang='lat' dir='ltr'>Uli-icus</span> <span class='ocrx_word' id='word_1_427' title='bbox 589 1835 657 1876; x_wconf 88' lang='lat' dir='ltr'>pbr.</span> <span class='ocrx_word' id='word_1_428' title='bbox 676 1839 707 1866; x_wconf 87' lang='lat' dir='ltr'>et</span> <span class='ocrx_word' id='word_1_429' title='bbox 731 1846 800 1866; x_wconf 78' lang='lat' dir='ltr'>can.</span> <span class='ocrx_word' id='word_1_430' title='bbox 818 1836 847 1866; x_wconf 93' lang='lat' dir='ltr'>h.</span> <span class='ocrx_word' id='word_1_431' title='bbox 866 1836 954 1866; x_wconf 54' lang='lat' dir='ltr'>eeclie</span> <span class='ocrx_word' id='word_1_432' title='bbox 976 1835 1078 1865; x_wconf 77' lang='lat' dir='ltr'>dictus</span> <span class='ocrx_word' id='word_1_433' title='bbox 1102 1835 1266 1866; x_wconf 67' lang='lat' dir='ltr'>Rosenlal.</span> <span class='ocrx_word' id='word_1_434' title='bbox 1314 1836 1343 1865; x_wconf 93' lang='lat' dir='ltr'>A</span> <span class='ocrx_word' id='word_1_435' title='bbox 1368 1846 1430 1876; x_wconf 91' lang='lat' dir='ltr'>quo</span> <span class='ocrx_word' id='word_1_436' title='bbox 1456 1836 1612 1867; x_wconf 83' lang='lat' dir='ltr'>habemus</span> <span class='ocrx_word' id='word_1_437' title='bbox 1642 1841 1698 1869; x_wconf 63' lang='lat' dir='ltr'>lo.</span> <span class='ocrx_word' id='word_1_438' title='bbox 1724 1839 1779 1870; x_wconf 92' lang='lat' dir='ltr'>ob-</span> 
     </span>
     <span class='ocr_line' id='line_1_39' title="bbox 490 1886 1779 1928; baseline 0.005 -12"><span class='ocrx_word' id='word_1_439' title='bbox 490 1887 566 1928; x_wconf 79' lang='lat' dir='ltr'>lagii</span> <span class='ocrx_word' id='word_1_440' title='bbox 590 1887 629 1918; x_wconf 88' lang='lat' dir='ltr'>de</span> <span class='ocrx_word' id='word_1_441' title='bbox 654 1888 747 1918; x_wconf 78' lang='lat' dir='ltr'>vinea</span> <span class='ocrx_word' id='word_1_442' title='bbox 769 1888 801 1917; x_wconf 91' lang='lat' dir='ltr'>in</span> <span class='ocrx_word' id='word_1_443' title='bbox 817 1887 989 1918; x_wconf 76' lang='lat' dir='ltr'>Baohovia.</span> <span class='ocrx_word' id='word_1_444' title='bbox 1029 1887 1182 1917; x_wconf 83' lang='lat' dir='ltr'>Albertus</span> <span class='ocrx_word' id='word_1_445' title='bbox 1204 1887 1302 1917; x_wconf 85' lang='lat' dir='ltr'>iudex</span> <span class='ocrx_word' id='word_1_446' title='bbox 1319 1886 1530 1918; x_wconf 80' lang='lat' dir='ltr'>Pataviensis.</span> <span class='ocrx_word' id='word_1_447' title='bbox 1569 1889 1663 1920; x_wconf 88' lang='lat' dir='ltr'>Unde</span> <span class='ocrx_word' id='word_1_448' title='bbox 1680 1890 1779 1922; x_wconf 82' lang='lat' dir='ltr'>habe-</span> 
     </span>
     <span class='ocr_line' id='line_1_40' title="bbox 488 1939 1781 1980; baseline 0.004 -12"><span class='ocrx_word' id='word_1_449' title='bbox 488 1949 558 1968; x_wconf 86' lang='lat' dir='ltr'>mus</span> <span class='ocrx_word' id='word_1_450' title='bbox 585 1939 618 1978; x_wconf 77' lang='lat' dir='ltr'>¹s2</span> <span class='ocrx_word' id='word_1_451' title='bbox 636 1943 665 1968; x_wconf 56' lang='lat'>⁴21».</span> <span class='ocrx_word' id='word_1_452' title='bbox 682 1942 811 1980; x_wconf 78' lang='lat' dir='ltr'>praeter</span> <span class='ocrx_word' id='word_1_453' title='bbox 828 1942 845 1970; x_wconf 87' lang='lat'>5</span> <span class='ocrx_word' id='word_1_454' title='bbox 865 1943 884 1969; x_wconf 64' lang='grc' dir='ltr'>ὦ.</span> <span class='ocrx_word' id='word_1_455' title='bbox 905 1939 944 1969; x_wconf 88' lang='lat' dir='ltr'>de</span> <span class='ocrx_word' id='word_1_456' title='bbox 962 1949 1073 1969; x_wconf 82' lang='lat' dir='ltr'>mensa</span> <span class='ocrx_word' id='word_1_457' title='bbox 1091 1939 1181 1979; x_wconf 81' lang='lat' dir='ltr'>panis</span> <span class='ocrx_word' id='word_1_458' title='bbox 1205 1939 1236 1969; x_wconf 90' lang='lat' dir='ltr'>in</span> <span class='ocrx_word' id='word_1_459' title='bbox 1255 1939 1395 1969; x_wconf 83' lang='lat' dir='ltr'>inferiori</span> <span class='ocrx_word' id='word_1_460' title='bbox 1412 1939 1507 1975; x_wconf 87' lang='lat' dir='ltr'>urbe;</span> <span class='ocrx_word' id='word_1_461' title='bbox 1533 1950 1572 1971; x_wconf 84' lang='lat' dir='ltr'>ex</span> <span class='ocrx_word' id='word_1_462' title='bbox 1589 1940 1650 1971; x_wconf 79' lang='lat' dir='ltr'>hiis</span> <span class='ocrx_word' id='word_1_463' title='bbox 1667 1941 1781 1973; x_wconf 82' lang='lat' dir='ltr'>dantur</span> 
     </span>
     <span class='ocr_line' id='line_1_41' title="bbox 490 1989 1779 2031; baseline 0.003 -12"><span class='ocrx_word' id='word_1_464' title='bbox 490 1989 613 2020; x_wconf 78' lang='lat' dir='ltr'>custodi</span> <span class='ocrx_word' id='word_1_465' title='bbox 643 1993 682 2020; x_wconf 73' lang='lat'>45</span> <span class='ocrx_word' id='word_1_466' title='bbox 709 1990 837 2031; x_wconf 81' lang='lat' dir='ltr'>oblagia</span> <span class='ocrx_word' id='word_1_467' title='bbox 859 1995 884 2026; x_wconf 66' lang='grc' dir='ltr'>ᾧ.</span> <span class='ocrx_word' id='word_1_468' title='bbox 936 1995 1074 2021; x_wconf 79' lang='lat' dir='ltr'>lohannes</span> <span class='ocrx_word' id='word_1_469' title='bbox 1105 1995 1196 2020; x_wconf 79' lang='lat' dir='ltr'>dictus</span> <span class='ocrx_word' id='word_1_470' title='bbox 1224 1994 1398 2028; x_wconf 79' lang='lat' dir='ltr'>Stainweger</span> <span class='ocrx_word' id='word_1_471' title='bbox 1425 1995 1485 2028; x_wconf 85' lang='lat' dir='ltr'>pbr.</span> <span class='ocrx_word' id='word_1_472' title='bbox 1511 1998 1540 2022; x_wconf 75' lang='lat' dir='ltr'>et</span> <span class='ocrx_word' id='word_1_473' title='bbox 1566 2005 1626 2022; x_wconf 80' lang='lat' dir='ltr'>can.</span> <span class='ocrx_word' id='word_1_474' title='bbox 1646 1997 1672 2023; x_wconf 86' lang='lat' dir='ltr'>h.</span> <span class='ocrx_word' id='word_1_475' title='bbox 1691 1993 1779 2023; x_wconf 65' lang='lat' dir='ltr'>encre.</span> 
     </span>
     <span class='ocr_line' id='line_1_42' title="bbox 491 2039 1782 2077; baseline 0.004 -12"><span class='ocrx_word' id='word_1_476' title='bbox 491 2039 522 2066; x_wconf 92' lang='lat' dir='ltr'>D.</span> <span class='ocrx_word' id='word_1_477' title='bbox 537 2040 721 2074; x_wconf 79' lang='lat' dir='ltr'>Wolfgangus</span> <span class='ocrx_word' id='word_1_478' title='bbox 737 2041 857 2066; x_wconf 83' lang='lat' dir='ltr'>Veldner</span> <span class='ocrx_word' id='word_1_479' title='bbox 876 2040 934 2074; x_wconf 86' lang='lat' dir='ltr'>pbr.</span> <span class='ocrx_word' id='word_1_480' title='bbox 949 2043 976 2067; x_wconf 87' lang='lat' dir='ltr'>et</span> <span class='ocrx_word' id='word_1_481' title='bbox 997 2049 1055 2066; x_wconf 79' lang='lat' dir='ltr'>ean.</span> <span class='ocrx_word' id='word_1_482' title='bbox 1070 2041 1104 2066; x_wconf 87' lang='lat' dir='ltr'>ad</span> <span class='ocrx_word' id='word_1_483' title='bbox 1121 2040 1179 2066; x_wconf 83' lang='lat' dir='ltr'>Sum</span> <span class='ocrx_word' id='word_1_484' title='bbox 1192 2040 1348 2066; x_wconf 73' lang='lat' dir='ltr'>Florianum</span> <span class='ocrx_word' id='word_1_485' title='bbox 1369 2042 1415 2066; x_wconf 70' lang='lat' dir='ltr'>cfr⁴</span> <span class='ocrx_word' id='word_1_486' title='bbox 1431 2050 1456 2067; x_wconf 86' lang='lat' dir='ltr'>n.</span> <span class='ocrx_word' id='word_1_487' title='bbox 1496 2041 1537 2074; x_wconf 89' lang='lat' dir='ltr'>[D.</span> <span class='ocrx_word' id='word_1_488' title='bbox 1552 2042 1687 2069; x_wconf 84' lang='lat' dir='ltr'>lohannes</span> <span class='ocrx_word' id='word_1_489' title='bbox 1706 2044 1782 2077; x_wconf 87' lang='lat' dir='ltr'>prior</span> 
     </span>
     <span class='ocr_line' id='line_1_43' title="bbox 489 2082 1370 2116; baseline 0.001 -8"><span class='ocrx_word' id='word_1_490' title='bbox 489 2085 516 2109; x_wconf 77' lang='lat' dir='ltr'>et</span> <span class='ocrx_word' id='word_1_491' title='bbox 535 2092 570 2108; x_wconf 88' lang='lat' dir='ltr'>m.</span> <span class='ocrx_word' id='word_1_492' title='bbox 585 2082 612 2108; x_wconf 90' lang='lat' dir='ltr'>in</span> <span class='ocrx_word' id='word_1_493' title='bbox 633 2084 779 2109; x_wconf 76' lang='lat' dir='ltr'>Lambaco.</span> <span class='ocrx_word' id='word_1_494' title='bbox 817 2084 847 2109; x_wconf 89' lang='lat' dir='ltr'>D.</span> <span class='ocrx_word' id='word_1_495' title='bbox 861 2083 997 2116; x_wconf 79' lang='lat' dir='ltr'>Georgius</span> <span class='ocrx_word' id='word_1_496' title='bbox 1016 2084 1076 2116; x_wconf 88' lang='lat' dir='ltr'>pbr.</span> <span class='ocrx_word' id='word_1_497' title='bbox 1090 2086 1119 2109; x_wconf 68' lang='lat' dir='ltr'>eb</span> <span class='ocrx_word' id='word_1_498' title='bbox 1138 2092 1196 2109; x_wconf 83' lang='lat' dir='ltr'>ean.</span> <span class='ocrx_word' id='word_1_499' title='bbox 1211 2083 1238 2108; x_wconf 91' lang='lat' dir='ltr'>in</span> <span class='ocrx_word' id='word_1_500' title='bbox 1252 2083 1370 2116; x_wconf 64' lang='lat' dir='ltr'>Vorzuw]</span> 
     </span>
    </p>

    <p class='ocr_par' dir='ltr' id='par_1_11' title="bbox 190 2126 1807 2211">
     <span class='ocr_line' id='line_1_44' title="bbox 190 2126 1807 2170; baseline 0.005 -17"><span class='ocrx_word' id='word_1_501' title='bbox 190 2127 237 2154; x_wconf 87' lang='lat' dir='ltr'>VI.</span> <span class='ocrx_word' id='word_1_502' title='bbox 251 2128 307 2155; x_wconf 79' lang='lat' dir='ltr'>kal.</span> <span class='ocrx_word' id='word_1_503' title='bbox 352 2129 392 2157; x_wconf 86' lang='lat'>27.</span> <span class='ocrx_word' id='word_1_504' title='bbox 438 2126 598 2157; x_wconf 83' lang='lat' dir='ltr'>Fridrious</span> <span class='ocrx_word' id='word_1_505' title='bbox 618 2127 686 2168; x_wconf 90' lang='lat' dir='ltr'>pbr.</span> <span class='ocrx_word' id='word_1_506' title='bbox 705 2137 772 2157; x_wconf 83' lang='lat' dir='ltr'>can.</span> <span class='ocrx_word' id='word_1_507' title='bbox 791 2127 822 2158; x_wconf 80' lang='lat' dir='ltr'>h.</span> <span class='ocrx_word' id='word_1_508' title='bbox 840 2127 929 2158; x_wconf 79' lang='lat' dir='ltr'>ecclie</span> <span class='ocrx_word' id='word_1_509' title='bbox 946 2127 1001 2157; x_wconf 85' lang='lat' dir='ltr'>cfr.</span> <span class='ocrx_word' id='word_1_510' title='bbox 1019 2138 1048 2157; x_wconf 93' lang='lat' dir='ltr'>n.</span> <span class='ocrx_word' id='word_1_511' title='bbox 1088 2126 1299 2157; x_wconf 73' lang='lat' dir='ltr'>VVeezlinus</span> <span class='ocrx_word' id='word_1_512' title='bbox 1323 2127 1399 2168; x_wconf 88' lang='lat' dir='ltr'>pbr.</span> <span class='ocrx_word' id='word_1_513' title='bbox 1418 2131 1455 2158; x_wconf 83' lang='lat' dir='ltr'>et</span> <span class='ocrx_word' id='word_1_514' title='bbox 1478 2138 1554 2158; x_wconf 83' lang='lat' dir='ltr'>ean.</span> <span class='ocrx_word' id='word_1_515' title='bbox 1572 2127 1605 2158; x_wconf 79' lang='lat' dir='ltr'>Si</span> <span class='ocrx_word' id='word_1_516' title='bbox 1622 2128 1778 2170; x_wconf 84' lang='lat' dir='ltr'>Ypoliti.</span> <span class='ocrx_word' id='word_1_517' title='bbox 1801 2128 1807 2137; x_wconf 64' lang='lat'><em>⁶</em></span> 
     </span>
     <span class='ocr_line' id='line_1_45' title="bbox 493 2177 1781 2211; baseline 0.002 -8"><span class='ocrx_word' id='word_1_518' title='bbox 493 2177 608 2204; x_wconf 83' lang='lat' dir='ltr'>Ioannes</span> <span class='ocrx_word' id='word_1_519' title='bbox 627 2177 718 2204; x_wconf 83' lang='lat' dir='ltr'>dictus</span> <span class='ocrx_word' id='word_1_520' title='bbox 731 2177 876 2204; x_wconf 74' lang='lat' dir='ltr'>Pernrider</span> <span class='ocrx_word' id='word_1_521' title='bbox 895 2178 976 2211; x_wconf 68' lang='lat' dir='ltr'>pleb..</span> <span class='ocrx_word' id='word_1_522' title='bbox 997 2177 1056 2211; x_wconf 88' lang='lat' dir='ltr'>pbr.</span> <span class='ocrx_word' id='word_1_523' title='bbox 1072 2179 1100 2204; x_wconf 78' lang='lat' dir='ltr'>et</span> <span class='ocrx_word' id='word_1_524' title='bbox 1120 2186 1179 2203; x_wconf 78' lang='lat' dir='ltr'>ean.</span> <span class='ocrx_word' id='word_1_525' title='bbox 1194 2177 1220 2204; x_wconf 87' lang='lat' dir='ltr'>h.</span> <span class='ocrx_word' id='word_1_526' title='bbox 1234 2178 1324 2203; x_wconf 65' lang='lat' dir='ltr'>eeclie.</span> <span class='ocrx_word' id='word_1_527' title='bbox 1366 2178 1506 2210; x_wconf 74' lang='lat' dir='ltr'>Nyeolaus</span> <span class='ocrx_word' id='word_1_528' title='bbox 1530 2178 1622 2205; x_wconf 78' lang='lat' dir='ltr'>dictus</span> <span class='ocrx_word' id='word_1_529' title='bbox 1645 2179 1677 2206; x_wconf 90' lang='lat' dir='ltr'>de</span> <span class='ocrx_word' id='word_1_530' title='bbox 1698 2180 1781 2206; x_wconf 82' lang='lat' dir='ltr'>Curia.</span> 
     </span>
    </p>
   </div>
   <div class='ocr_carea' id='block_1_7' title="bbox 490 2220 1780 2297">
    <p class='ocr_par' dir='ltr' id='par_1_12' title="bbox 490 2220 1780 2297">
     <span class='ocr_line' id='line_1_46' title="bbox 490 2220 1780 2257; baseline 0.002 -11"><span class='ocrx_word' id='word_1_531' title='bbox 490 2220 550 2253; x_wconf 87' lang='lat' dir='ltr'>pbr.</span> <span class='ocrx_word' id='word_1_532' title='bbox 564 2222 592 2247; x_wconf 76' lang='lat' dir='ltr'>et</span> <span class='ocrx_word' id='word_1_533' title='bbox 611 2220 833 2254; x_wconf 77' lang='lat' dir='ltr'>ean.Sti01iti</span> <span class='ocrx_word' id='word_1_534' title='bbox 853 2221 900 2247; x_wconf 84' lang='lat' dir='ltr'>cfr.</span> <span class='ocrx_word' id='word_1_535' title='bbox 915 2230 939 2246; x_wconf 91' lang='lat' dir='ltr'>n.</span> <span class='ocrx_word' id='word_1_536' title='bbox 955 2221 998 2246; x_wconf 90' lang='lat' dir='ltr'>ob.</span> <span class='ocrx_word' id='word_1_537' title='bbox 1043 2221 1166 2246; x_wconf 77' lang='lat' dir='ltr'>Mathias</span> <span class='ocrx_word' id='word_1_538' title='bbox 1186 2220 1307 2246; x_wconf 81' lang='lat' dir='ltr'>Klinsler</span> <span class='ocrx_word' id='word_1_539' title='bbox 1327 2220 1385 2253; x_wconf 87' lang='lat' dir='ltr'>pbr.</span> <span class='ocrx_word' id='word_1_540' title='bbox 1405 2223 1433 2247; x_wconf 80' lang='lat' dir='ltr'>et</span> <span class='ocrx_word' id='word_1_541' title='bbox 1453 2229 1512 2247; x_wconf 78' lang='lat' dir='ltr'>ean.</span> <span class='ocrx_word' id='word_1_542' title='bbox 1530 2221 1563 2247; x_wconf 84' lang='lat' dir='ltr'>de</span> <span class='ocrx_word' id='word_1_543' title='bbox 1584 2221 1780 2257; x_wconf 79' lang='lat' dir='ltr'>Newenburga</span> 
     </span>
     <span class='ocr_line' id='line_1_47' title="bbox 490 2262 1616 2297; baseline 0 -8"><span class='ocrx_word' id='word_1_544' title='bbox 490 2262 649 2289; x_wconf 75' lang='lat' dir='ltr'>claustrali.</span> <span class='ocrx_word' id='word_1_545' title='bbox 687 2263 873 2297; x_wconf 78' lang='lat' dir='ltr'>[Reverendus</span> <span class='ocrx_word' id='word_1_546' title='bbox 892 2263 952 2297; x_wconf 87' lang='lat' dir='ltr'>pbr.</span> <span class='ocrx_word' id='word_1_547' title='bbox 966 2263 996 2289; x_wconf 90' lang='lat' dir='ltr'>D.</span> <span class='ocrx_word' id='word_1_548' title='bbox 1011 2263 1158 2289; x_wconf 81' lang='lat' dir='ltr'>Odalricus</span> <span class='ocrx_word' id='word_1_549' title='bbox 1177 2272 1253 2296; x_wconf 82' lang='lat' dir='ltr'>ppos.</span> <span class='ocrx_word' id='word_1_550' title='bbox 1268 2263 1296 2288; x_wconf 88' lang='lat' dir='ltr'>in</span> <span class='ocrx_word' id='word_1_551' title='bbox 1316 2263 1616 2297; x_wconf 73' lang='lat' dir='ltr'>Dietermanszell.b)⁸)]</span> 
     </span>
    </p>
   </div>
   <div class='ocr_carea' id='block_1_8' title="bbox 207 2306 1777 2398">
    <p class='ocr_par' dir='ltr' id='par_1_13' title="bbox 207 2306 1777 2398">
     <span class='ocr_line' id='line_1_48' title="bbox 207 2306 1777 2348; baseline 0.003 -14"><span class='ocrx_word' id='word_1_552' title='bbox 207 2307 239 2334; x_wconf 94' lang='lat' dir='ltr'>V.</span> <span class='ocrx_word' id='word_1_553' title='bbox 254 2308 310 2335; x_wconf 83' lang='lat' dir='ltr'>kal.</span> <span class='ocrx_word' id='word_1_554' title='bbox 354 2309 395 2334; x_wconf 84' lang='lat'>28.</span> <span class='ocrx_word' id='word_1_555' title='bbox 440 2306 512 2346; x_wconf 84' lang='lat' dir='ltr'>Mgr</span> <span class='ocrx_word' id='word_1_556' title='bbox 543 2307 669 2337; x_wconf 84' lang='lat' dir='ltr'>Ulricus</span> <span class='ocrx_word' id='word_1_557' title='bbox 705 2317 773 2337; x_wconf 82' lang='lat' dir='ltr'>can.</span> <span class='ocrx_word' id='word_1_558' title='bbox 804 2307 893 2338; x_wconf 78' lang='lat' dir='ltr'>ecelie</span> <span class='ocrx_word' id='word_1_559' title='bbox 926 2307 1196 2348; x_wconf 84' lang='lat' dir='ltr'>Salczpurgensis.</span> <span class='ocrx_word' id='word_1_560' title='bbox 1255 2307 1444 2347; x_wconf 71' lang='lat' dir='ltr'>Dyepoldus</span> <span class='ocrx_word' id='word_1_561' title='bbox 1481 2307 1549 2348; x_wconf 86' lang='lat' dir='ltr'>pbr.</span> <span class='ocrx_word' id='word_1_562' title='bbox 1583 2312 1614 2338; x_wconf 82' lang='lat' dir='ltr'>et</span> <span class='ocrx_word' id='word_1_563' title='bbox 1651 2319 1717 2339; x_wconf 84' lang='lat' dir='ltr'>ean.</span> <span class='ocrx_word' id='word_1_564' title='bbox 1748 2309 1777 2340; x_wconf 88' lang='lat' dir='ltr'>h.</span> 
     </span>
     <span class='ocr_line' id='line_1_49' title="bbox 491 2358 1777 2398; baseline 0.002 -10"><span class='ocrx_word' id='word_1_565' title='bbox 491 2358 589 2389; x_wconf 58' lang='lat' dir='ltr'>ecelie.</span> <span class='ocrx_word' id='word_1_566' title='bbox 636 2363 761 2389; x_wconf 72' lang='lat' dir='ltr'>Andreas</span> <span class='ocrx_word' id='word_1_567' title='bbox 778 2363 862 2397; x_wconf 67' lang='lat' dir='ltr'>pleb,</span> <span class='ocrx_word' id='word_1_568' title='bbox 886 2364 946 2397; x_wconf 88' lang='lat' dir='ltr'>pbr.</span> <span class='ocrx_word' id='word_1_569' title='bbox 965 2366 994 2390; x_wconf 72' lang='lat' dir='ltr'>et</span> <span class='ocrx_word' id='word_1_570' title='bbox 1010 2372 1070 2389; x_wconf 81' lang='lat' dir='ltr'>can.</span> <span class='ocrx_word' id='word_1_571' title='bbox 1088 2364 1123 2389; x_wconf 83' lang='lat' dir='ltr'>ad</span> <span class='ocrx_word' id='word_1_572' title='bbox 1140 2363 1194 2389; x_wconf 66' lang='lat' dir='ltr'>Sum</span> <span class='ocrx_word' id='word_1_573' title='bbox 1212 2363 1368 2396; x_wconf 77' lang='lat' dir='ltr'>Ypolitum.</span> <span class='ocrx_word' id='word_1_574' title='bbox 1415 2363 1532 2389; x_wconf 75' lang='lat' dir='ltr'>Georius</span> <span class='ocrx_word' id='word_1_575' title='bbox 1549 2363 1701 2398; x_wconf 82' lang='lat' dir='ltr'>Veldinger</span> <span class='ocrx_word' id='word_1_576' title='bbox 1717 2365 1777 2398; x_wconf 86' lang='lat' dir='ltr'>pbr.</span> 
     </span>
    </p>
   </div>
   <div class='ocr_carea' id='block_1_9' title="bbox 491 2409 1779 2486">
    <p class='ocr_par' dir='ltr' id='par_1_14' title="bbox 491 2409 1779 2486">
     <span class='ocr_line' id='line_1_50' title="bbox 491 2409 1778 2443; baseline 0.001 -9"><span class='ocrx_word' id='word_1_577' title='bbox 491 2411 519 2435; x_wconf 73' lang='lat' dir='ltr'>et</span> <span class='ocrx_word' id='word_1_578' title='bbox 538 2417 598 2435; x_wconf 79' lang='lat' dir='ltr'>cau.</span> <span class='ocrx_word' id='word_1_579' title='bbox 612 2409 639 2434; x_wconf 84' lang='lat' dir='ltr'>in</span> <span class='ocrx_word' id='word_1_580' title='bbox 660 2409 839 2443; x_wconf 79' lang='lat' dir='ltr'>Newnburga</span> <span class='ocrx_word' id='word_1_581' title='bbox 859 2409 1018 2435; x_wconf 68' lang='lat' dir='ltr'>claustrali.</span> <span class='ocrx_word' id='word_1_582' title='bbox 1057 2410 1086 2435; x_wconf 84' lang='lat' dir='ltr'>D.</span> <span class='ocrx_word' id='word_1_583' title='bbox 1101 2409 1238 2435; x_wconf 77' lang='lat' dir='ltr'>Martinus</span> <span class='ocrx_word' id='word_1_584' title='bbox 1258 2409 1317 2442; x_wconf 87' lang='lat' dir='ltr'>pbr.</span> <span class='ocrx_word' id='word_1_585' title='bbox 1332 2411 1360 2435; x_wconf 70' lang='lat' dir='ltr'>et.</span> <span class='ocrx_word' id='word_1_586' title='bbox 1379 2418 1438 2435; x_wconf 78' lang='lat' dir='ltr'>can.</span> <span class='ocrx_word' id='word_1_587' title='bbox 1452 2409 1479 2434; x_wconf 86' lang='lat' dir='ltr'>in</span> <span class='ocrx_word' id='word_1_588' title='bbox 1494 2409 1657 2443; x_wconf 82' lang='lat' dir='ltr'>Witignaw.</span> <span class='ocrx_word' id='word_1_589' title='bbox 1695 2410 1778 2436; x_wconf 76' lang='lat' dir='ltr'>Udal-</span> 
     </span>
     <span class='ocr_line' id='line_1_51' title="bbox 491 2451 1779 2486; baseline 0.002 -10"><span class='ocrx_word' id='word_1_590' title='bbox 491 2451 563 2477; x_wconf 82' lang='lat' dir='ltr'>ricns</span> <span class='ocrx_word' id='word_1_591' title='bbox 586 2452 644 2484; x_wconf 83' lang='lat' dir='ltr'>pbr.</span> <span class='ocrx_word' id='word_1_592' title='bbox 664 2454 692 2478; x_wconf 77' lang='lat' dir='ltr'>et</span> <span class='ocrx_word' id='word_1_593' title='bbox 715 2461 774 2478; x_wconf 77' lang='lat' dir='ltr'>ean.</span> <span class='ocrx_word' id='word_1_594' title='bbox 795 2452 824 2477; x_wconf 88' lang='lat' dir='ltr'>in</span> <span class='ocrx_word' id='word_1_595' title='bbox 850 2452 1013 2486; x_wconf 58' lang='lat' dir='ltr'>XVitignow.</span> <span class='ocrx_word' id='word_1_596' title='bbox 1056 2452 1097 2485; x_wconf 90' lang='lat' dir='ltr'>[D.</span> <span class='ocrx_word' id='word_1_597' title='bbox 1115 2452 1253 2478; x_wconf 79' lang='lat' dir='ltr'>Iohannes</span> <span class='ocrx_word' id='word_1_598' title='bbox 1275 2451 1428 2482; x_wconf 75' lang='lat' dir='ltr'>Wim-kler,</span> <span class='ocrx_word' id='word_1_599' title='bbox 1458 2452 1487 2477; x_wconf 93' lang='lat' dir='ltr'>D.</span> <span class='ocrx_word' id='word_1_600' title='bbox 1509 2452 1644 2478; x_wconf 74' lang='lat' dir='ltr'>Iohannes</span> <span class='ocrx_word' id='word_1_601' title='bbox 1669 2452 1779 2484; x_wconf 72' lang='lat' dir='ltr'>Rainer,</span> 
     </span>
    </p>
   </div>
   <div class='ocr_carea' id='block_1_10' title="bbox 233 2506 1671 2514">
    <p class='ocr_par' dir='ltr' id='par_1_15' title="bbox 233 2506 1671 2514">
     <span class='ocr_line' id='line_1_52' title="bbox 233 2506 1671 2514; baseline 0 0"><span class='ocrx_word' id='word_1_602' title='bbox 233 2506 1671 2514; x_wconf 95' lang='lat' dir='ltr'> </span> 
     </span>
    </p>
   </div>
   <div class='ocr_carea' id='block_1_11' title="bbox 134 2553 1776 2705">
    <p class='ocr_par' dir='ltr' id='par_1_16' title="bbox 134 2553 1776 2705">
     <span class='ocr_line' id='line_1_53' title="bbox 235 2553 1174 2586; baseline 0.002 -8"><span class='ocrx_word' id='word_1_603' title='bbox 235 2553 258 2584; x_wconf 83' lang='lat' dir='ltr'>a)</span> <span class='ocrx_word' id='word_1_604' title='bbox 279 2553 349 2584; x_wconf 76' lang='lat' dir='ltr'>Quae</span> <span class='ocrx_word' id='word_1_605' title='bbox 367 2555 465 2586; x_wconf 73' lang='lat' dir='ltr'>desum,</span> <span class='ocrx_word' id='word_1_606' title='bbox 483 2564 579 2579; x_wconf 75' lang='lat' dir='ltr'>rasura</span> <span class='ocrx_word' id='word_1_607' title='bbox 598 2556 682 2580; x_wconf 69' lang='lat' dir='ltr'>deleta</span> <span class='ocrx_word' id='word_1_608' title='bbox 700 2561 766 2581; x_wconf 73' lang='lat' dir='ltr'>sunt.</span> <span class='ocrx_word' id='word_1_609' title='bbox 871 2555 895 2586; x_wconf 87' lang='lat' dir='ltr'>b)</span> <span class='ocrx_word' id='word_1_610' title='bbox 917 2556 938 2579; x_wconf 92' lang='lat' dir='ltr'>I.</span> <span class='ocrx_word' id='word_1_611' title='bbox 953 2565 972 2581; x_wconf 77' lang='lat' dir='ltr'>e.</span> <span class='ocrx_word' id='word_1_612' title='bbox 988 2556 1174 2581; x_wconf 83' lang='lat' dir='ltr'>Dietramszell.</span> 
     </span>
     <span class='ocr_line' id='line_1_54' title="bbox 236 2628 1776 2663; baseline 0.001 -9"><span class='ocrx_word' id='word_1_613' title='bbox 236 2629 255 2660; x_wconf 85' lang='lat'>1)</span> <span class='ocrx_word' id='word_1_614' title='bbox 279 2628 323 2654; x_wconf 81' lang='lat' dir='ltr'>Ob.</span> <span class='ocrx_word' id='word_1_615' title='bbox 342 2638 366 2655; x_wconf 85' lang='grc' dir='ltr'>α.</span> <span class='ocrx_word' id='word_1_616' title='bbox 385 2634 455 2662; x_wconf 79' lang='grc'><em>1515,</em></span> <span class='ocrx_word' id='word_1_617' title='bbox 479 2630 520 2656; x_wconf 79' lang='lat' dir='ltr'>die</span> <span class='ocrx_word' id='word_1_618' title='bbox 544 2631 651 2657; x_wconf 72' lang='lat' dir='ltr'>incerto.</span> <span class='ocrx_word' id='word_1_619' title='bbox 758 2632 778 2663; x_wconf 80' lang='lat'>²)</span> <span class='ocrx_word' id='word_1_620' title='bbox 802 2631 847 2656; x_wconf 84' lang='lat' dir='ltr'>Ob.</span> <span class='ocrx_word' id='word_1_621' title='bbox 866 2640 890 2657; x_wconf 83' lang='grc' dir='ltr'>α.</span> <span class='ocrx_word' id='word_1_622' title='bbox 910 2635 980 2657; x_wconf 75' lang='grc'><em>1462.</em></span> <span class='ocrx_word' id='word_1_623' title='bbox 1087 2633 1106 2663; x_wconf 82' lang='lat'>³)</span> <span class='ocrx_word' id='word_1_624' title='bbox 1131 2631 1175 2657; x_wconf 85' lang='lat' dir='ltr'>Ob.</span> <span class='ocrx_word' id='word_1_625' title='bbox 1195 2640 1220 2657; x_wconf 80' lang='lat' dir='ltr'>a.</span> <span class='ocrx_word' id='word_1_626' title='bbox 1240 2634 1311 2657; x_wconf 68' lang='lat'>1433.</span> <span class='ocrx_word' id='word_1_627' title='bbox 1352 2631 1420 2656; x_wconf 77' lang='lat' dir='ltr'>Dies</span> <span class='ocrx_word' id='word_1_628' title='bbox 1445 2639 1499 2656; x_wconf 66' lang='lat' dir='ltr'>non</span> <span class='ocrx_word' id='word_1_629' title='bbox 1524 2634 1644 2656; x_wconf 72' lang='lat' dir='ltr'>constare</span> <span class='ocrx_word' id='word_1_630' title='bbox 1671 2630 1776 2656; x_wconf 64' lang='lat' dir='ltr'>videtur.</span> 
     </span>
     <span class='ocr_line' id='line_1_55' title="bbox 134 2669 1776 2705; baseline 0.002 -10"><span class='ocrx_word' id='word_1_631' title='bbox 134 2670 154 2701; x_wconf 78' lang='lat'>⁴)</span> <span class='ocrx_word' id='word_1_632' title='bbox 175 2669 218 2695; x_wconf 85' lang='lat' dir='ltr'>Ob.</span> <span class='ocrx_word' id='word_1_633' title='bbox 232 2680 256 2696; x_wconf 83' lang='grc' dir='ltr'>α.</span> <span class='ocrx_word' id='word_1_634' title='bbox 270 2674 343 2698; x_wconf 68' lang='lat'>1480.</span> <span class='ocrx_word' id='word_1_635' title='bbox 451 2674 470 2705; x_wconf 85' lang='lat'>⁵)</span> <span class='ocrx_word' id='word_1_636' title='bbox 491 2673 535 2699; x_wconf 89' lang='lat' dir='ltr'>Ob.</span> <span class='ocrx_word' id='word_1_637' title='bbox 549 2683 572 2699; x_wconf 76' lang='lat' dir='ltr'>a.</span> <span class='ocrx_word' id='word_1_638' title='bbox 588 2676 658 2704; x_wconf 77' lang='lat'><em>1513,</em></span> <span class='ocrx_word' id='word_1_639' title='bbox 685 2673 725 2699; x_wconf 72' lang='lat' dir='ltr'>(lie</span> <span class='ocrx_word' id='word_1_640' title='bbox 744 2674 853 2700; x_wconf 68' lang='lat' dir='ltr'>incerto.</span> <span class='ocrx_word' id='word_1_641' title='bbox 961 2675 980 2705; x_wconf 76' lang='lat'>⁰)</span> <span class='ocrx_word' id='word_1_642' title='bbox 1004 2673 1047 2700; x_wconf 76' lang='lat' dir='ltr'>Ob.</span> <span class='ocrx_word' id='word_1_643' title='bbox 1063 2682 1086 2699; x_wconf 88' lang='grc' dir='ltr'>α.</span> <span class='ocrx_word' id='word_1_644' title='bbox 1102 2677 1168 2699; x_wconf 76' lang='grc'><em>1592.</em></span> <span class='ocrx_word' id='word_1_645' title='bbox 1275 2674 1295 2704; x_wconf 89' lang='lat'>⁷)</span> <span class='ocrx_word' id='word_1_646' title='bbox 1321 2673 1492 2703; x_wconf 70' lang='lat' dir='ltr'>Ob.a.14⁶6,</span> <span class='ocrx_word' id='word_1_647' title='bbox 1517 2674 1571 2698; x_wconf 79' lang='lat' dir='ltr'>dies</span> <span class='ocrx_word' id='word_1_648' title='bbox 1591 2682 1644 2698; x_wconf 69' lang='lat' dir='ltr'>non</span> <span class='ocrx_word' id='word_1_649' title='bbox 1664 2675 1776 2698; x_wconf 75' lang='lat' dir='ltr'>constat.</span> 
     </span>
    </p>
   </div>
   <div class='ocr_carea' id='block_1_12' title="bbox 134 2711 1569 2791">
    <p class='ocr_par' dir='ltr' id='par_1_17' title="bbox 134 2711 1569 2791">
     <span class='ocr_line' id='line_1_56' title="bbox 134 2711 344 2743; baseline 0.014 -6"><span class='ocrx_word' id='word_1_650' title='bbox 134 2712 154 2743; x_wconf 82' lang='lat'>⁸)</span> <span class='ocrx_word' id='word_1_651' title='bbox 175 2711 220 2738; x_wconf 89' lang='lat' dir='ltr'>Ob.</span> <span class='ocrx_word' id='word_1_652' title='bbox 234 2722 258 2738; x_wconf 86' lang='grc' dir='ltr'>α.</span> <span class='ocrx_word' id='word_1_653' title='bbox 272 2717 344 2740; x_wconf 78' lang='grc'><em>1520.</em></span> 
     </span>
     <span class='ocr_line' id='line_1_57' title="bbox 1523 2767 1569 2791; baseline 0 0"><span class='ocrx_word' id='word_1_654' title='bbox 1523 2767 1569 2791; x_wconf 76' lang='grc'>13*</span> 
     </span>
    </p>
   </div>
  </div>
 </body>
</html>
