2054 2948
177 244 250 271 XIX.
264 245 320 271 kal.

148 414 250 442 XVIII.
265 415 321 442 kal.

160 713 249 740 XVII.
263 715 318 741 kal.

173 927 247 954 XVI.
262 928 317 955 kal.

190 1271 249 1298 XV.
263 1272 319 1298 kal.

176 1401 249 1427 XIV.
264 1401 319 1428 kal.

174 1661 248 1686 XIII.
261 1661 317 1687 kal.

187 1918 247 1944 XII.
261 1917 317 1944 kal.

200 2089 246 2115 XI.
260 2089 316 2116 kal.
362 2096 368 2101 ·

212 2303 247 2329 X.
260 2303 316 2330 kal.

368 245 406 270 14.

366 416 406 441 15.

366 715 405 741 16.

363 930 403 955 17.

366 1272 405 1299 18.

366 1402 405 1429 19.

362 1918 402 1944 21.

362 2090 377 2115 ω

379 2089 402 2115 μ’)

713 73 977 100 NEoRoLoGiuu
997 74 1216 101 oAns'rENsE.
1732 81 1794 111 363

504 159 654 186 Balthasar
681 159 740 193 pbr.
764 159 876 186 ibidem.
922 159 1042 185 Thomas
1070 159 1129 192 pbr.
1155 159 1182 185 in
1208 160 1451 187 Raittenhaslach.
1499 162 1656 189 Leonardus
1681 164 1742 198 pbr.
1766 165 1793 190 in

503 202 743 236 Closter-neuburg.
782 202 919 235 Virgilius
937 202 998 235 pbr.
1018 202 1044 227 in
1065 202 1167 228 Altaeh
1189 202 1340 236 Superiori.
1377 204 1492 230 Carolus
1512 205 1571 239 pbr.
1591 206 1618 232 iu
1638 207 1753 233 Metten.

452 244 502 270 Ob.
517 244 599 271 Reize
613 244 780 271 Habersatin
793 246 822 270 et
836 244 971 271 Henricus
985 245 1071 271 frater
1082 245 1149 276 eius,
1164 245 1355 272 benefactores
1366 247 1400 273 ni.
1428 247 1543 274 Ioannes
1559 257 1600 275 CV.
1611 249 1644 275 de
1659 250 1794 283 Augusta.

502 287 687 321 Wolfgangus
711 287 770 321 pbr.
792 288 826 314 de
845 287 966 314 Mansee.
1002 287 1034 313 D.
1049 287 1184 322 Georgius
1203 288 1269 314 olim
1289 297 1367 322 ppos.
1387 289 1422 315 ad
1441 289 1497 316 Sum
1511 291 1678 323 Zenonem-¹)
1716 294 1795 319 Anna

503 329 607 356 Thecla
627 330 703 363 profa
722 330 750 356 in
769 330 983 357 Hochenxvarth.
1022 330 1217 365 Chrysogonus
1235 331 1359 358 subdiac.
1374 332 1403 358 in
1423 332 1585 366 Tegernsee.
1623 335 1795 362 Aemilianus

502 372 562 405 pbr.
581 373 616 398 ad
635 373 692 398 Sum
705 373 817 399 Petrum
837 373 1000 408 Salisburgi.
1038 373 1222 407 Ildephonsus
1241 374 1316 407 prior
1335 375 1364 400 in
1384 375 1547 402 Formbach.

453 415 503 442 Ob.
518 415 620 442 Ursula
640 415 794 445 Psehallin.
814 416 987 442 benefacti-ix
1006 421 1046 442 nst.
1082 417 1198 443 Ioannes
1217 417 1250 443 (le
1270 417 1391 447 Mellico,
1412 418 1529 444 Ioannes
1548 419 1582 446 de
1602 420 1704 447 Altaeh
1724 421 1793 447 Infe-

500 458 567 485 riori
595 458 664 492 pbri.
710 459 850 492 Rupertus
879 468 920 485 ov.
947 460 976 486 et·
1003 460 1093 485 novius
1121 459 1233 486 ibidem.
1281 460 1415 486 Hem-icus
1444 461 1503 494 pbr.
1529 462 1557 487 in
1584 463 1794 498 Reichersperg.

503 501 619 527 Ioannes
639 501 698 534 pbr.
713 502 746 527 de
760 502 830 528 Atti.
867 501 1034 528 Eustachius
1053 505 1081 528 et
1101 502 1232 529 Placidus
1253 503 1313 536 pbri
1328 503 1360 529 de
1376 503 1640 538 Weieheustephan.
1679 507 1795 534 loannes

502 543 650 578 Hiesinger
675 546 703 571 et
728 544 883 571 Catharina
907 554 951 571 ux.
976 545 1045 573 eius.
1072 545 1264 572 benefactores
1289 546 1323 572 ni.
1370 547 1458 573 Maria
1484 547 1637 574 Catliarina
1665 549 1740 583 prosa
1766 551 1794 576 in

503 586 708 620 Konigsbrukh.
746 587 883 621 Casparus
907 587 982 621 prior
1006 588 1145 614 Scotensis
1163 588 1297 615 Viennae.
1338 590 1370 615 D.
1390 590 1535 616 Anseltnus
1558 591 1622 617 abb.
1643 592 1677 618 ad
1703 592 1794 620 Cellas

501 629 675 661 Marianas.²)
719 630 880 656 Bonifacius
906 631 965 664 pbr.
989 630 1102 657 ibidem.
1149 631 1286 665 Casparus
1314 632 1374 665 pbr.
1399 632 1426 658 in
1455 632 1665 668 Reichersperg.
1709 636 1794 670 Sigis-

502 673 618 699 mundus
637 673 706 707 prof.
721 673 926 699 Gottwioensis.
964 673 993 699 D.
1008 674 1121 700 Maurus
1140 674 1204 700 abb.
1224 675 1251 700 iu
1271 675 1415 707 Monsee.³)

451 715 500 741 Ob.
514 715 647 749 Aegidius
668 715 842 750 Nordlinger‚
863 716 1024 743 benefactor
1043 726 1067 742 n.
1099 718 1130 742 D.
1145 717 1286 743 Conradus
1306 718 1369 744 abb.
1384 718 1411 744 in
1427 718 1614 752 Tegernsee.⁴)
1653 721 1682 747 D.
1698 721 1794 748 Henri-

501 767 548 784 cus
567 759 631 785 abb.
645 758 781 789 ibidem.⁵)
812 759 1001 786 Emme1·amus
1020 760 1081 794 pbr.
1095 760 1128 786 de
1143 760 1306 787 Ratisbona.
1338 761 1453 787 loannes
1472 762 1555 795 prior,
1576 762 1710 798 Georgius
1724 766 1793 798 prof.

502 801 535 828 de
554 801 673 827 Mellieo.
711 801 800 828 Maria
817 802 929 828 Martha
948 802 1054 828 suionlis
1074 803 1106 829 de
1124 802 1286 837 Salzburga.
1323 804 1473 837 Gregorius
1492 805 1567 838 prior
1586 806 1614 832 in
1630 807 1793 841 Tegernsee.

503 844 682 878 Raymundus
701 844 829 878 subprior
847 845 882 871 ad
902 845 999 871 Scotos
1013 845 1145 872 Viennae.
1183 846 1314 872 Placidus
1335 846 1393 880 pbr.
1408 847 1436 872 in
1449 848 1581 881 Seheyru.
1612 849 1701 876 Maria
1715 852 1794 877 Anna

502 887 619 921 losepha
639 888 745 914 smonlis
763 887 927 922 Salisburgi.

450 929 499 956 Ob.
519 930 635 956 Iacobus
659 930 853 964 Kirchpm-ger,
879 931 1039 957 benefactor
1064 941 1089 956 n.
1131 931 1278 957 Udalricus
1302 932 1362 966 pbr.
1386 932 1413 958 in
1434 933 1597 967 Tegemsee.
1639 936 1737 962 Petrus
1760 937 1793 964 de

500 973 622 1004 Mansee,
646 974 759 1000 Maurus
781 974 814 1000 de
834 974 972 1000 Lanibaeo
993 975 1061 1008 pbri.
1099 975 1257 1001 Gothardus
1282 975 1340 1008 pbr.
1361 975 1394 1002 de
1414 976 1517 1003 Altaeh
1538 978 1672 1005 Inferiori.
1708 980 1792 1006 Fran-

498 1016 587 1042 ciscus
613 1017 645 1042 de
672 1016 881 1051 Reiehersperg.
926 1017 1081 1044 Ludovicns
1106 1017 1235 1051 supprior
1260 1018 1288 1043 in
1314 1018 1477 1052 Tegernsee.
1524 1020 1654 1047 Placidus
1680 1023 1740 1056 pbr.
1765 1024 1793 1050 in

501 1059 610 1085 Gleink.
648 1059 764 1085 Thienio
784 1059 859 1093 prior
878 1060 905 1085 in
920 1060 1022 1086 Altae-h
1037 1060 1170 1086 lnferiori⁴
1210 1061 1392 1087 Balthasarus
1412 1062 1471 1095 pbr.
1485 1063 1519 1088 de
1538 1063 1655 1090 Mellico.
1693 1066 1794 1100 Caspa-

501 1110 546 1126 rus
566 1110 605 1127 cv,
626 1101 654 1127 in
675 1101 917 1128 Raittenhaslaeh.
954 1103 1132 1129 Possidonius
1152 1103 1211 1137 pbr.
1232 1103 1259 1128 in
1280 1103 1522 1139 Closterneuburg.
1560 1106 1713 1140 Simpertus
1733 1109 1792 1142 pbr.

500 1143 535 1169 ad
555 1143 613 1170 850³
626 1144 788 1171 Udalricum
808 1148 836 1172 et
853 1145 956 1171 Afram.
992 1146 1035 1172 Fr.
1050 1146 1183 1180 Iosephus
1203 1147 1271 1179 prof.
1286 1146 1488 1174 Admoutensis.
1528 1148 1629 1176 Rosina
1646 1151 1794 1179 Francisca

500 1187 631 1220 priorissa
654 1190 682 1214 et
708 1188 785 1221 profa
808 1188 929 1215 iubilata
954 1189 982 1214 iu
1007 1189 1166 1223 Niderbnrg
1188 1189 1320 1216 l'assavii.
1358 1190 1524 1224 Lanipertus
1548 1192 1607 1225 pbr.
1627 1193 1655 1219 in
1675 1194 1793 1222 Closter-

499 1230 633 1264 neuburg.
671 1230 819 1264 Dionysius
841 1231 1053 1258 Cremifanensis
1072 1232 1132 1265 pbr.

451 1271 501 1298 Ob.
520 1273 640 1299 Thomas
665 1273 740 1307 prior
763 1274 796 1300 de
816 1274 964 1301 Gottwieo.
1006 1274 1188 1301 Sebastianus
1212 1275 1271 1308 pbr.
1293 1275 1326 1302 de
1349 1275 1510 1311 Sulzburga.
1551 1279 1583 1304 D.
1601 1278 1794 1312 Sigismundus

500 1315 563 1342 abb.
577 1316 610 1343 de
624 1316 768 1347 Mansee.⁸)
800 1317 831 1343 D.
846 1317 1033 1352 XVolfgangus
1053 1320 1168 1352 ppos.⁷)‚
1189 1318 1321 1352 Iosephus
1341 1319 1401 1352 pbr.
1415 1319 1448 1345 de
1462 1320 1670 1356 Reichersperg.
1708 1323 1793 1350 Maxi-

501 1359 630 1385 milianus
650 1359 708 1393 pbr.
729 1360 757 1386 in
778 1360 853 1387 Rott.
891 1361 1072 1387 Godehardus
1092 1361 1151 1395 pbr.
1171 1361 1199 1387 in
1219 1361 1336 1388 Metten-

452 1402 649 1432 Ob.Michae1,
670 1403 839 1435 Leomrdus,
860 1404 1038 1435 Valentiam,
1058 1404 1204 1438 Georgius
1226 1405 1341 1431 loannes
1362 1405 1421 1438 pbri
1441 1405 1474 1431 de
1494 1406 1613 1433 Mellico.
1652 1407 1794 1434 Conradus

499 1446 559 1479 pbr.
579 1446 606 1471 in
632 1446 840 1481 Reiehersperg.
883 1447 1018 1481 Georgius
1044 1447 1104 1481 pbr.
1124 1456 1149 1474 n.
1168 1456 1189 1474 c.
1233 1448 1390 1481 Leopoldus
1414 1447 1473 1481 pbr.
1494 1449 1527 1475 de
1552 1448 1793 1485 Closterueuburg.

500 1489 623 1516 Ioannes.
644 1489 808 1516 Vincentius
828 1491 855 1516 et
875 1489 1033 1516 Leouardus
1053 1490 1112 1523 pbri
1126 1490 1160 1516 <Ie
1175 1490 1386 1524 Reichersperg.
1418 1490 1549 1517 Ernestus
1569 1491 1628 1525 pbr.
1643 1493 1675 1519 de
1692 1493 1792 1519 Altach

500 1531 633 1558 Inferiori.
665 1532 799 1566 Aegidius
818 1533 878 1566 pbr.
892 1533 927 1558 ad
944 1532 1041 1559 Scotos
1055 1533 1188 1559 Viennae.
1227 1533 1362 1567 Georgius
1382 1533 1441 1567 pbr.
1455 1533 1491 1559 ad.
1509 1533 1566 1559 Sum
1580 1534 1793 1562 Emmeramum.

499 1574 625 1608 Ignatius
645 1575 704 1609 pbr.
720 1575 747 1601 in
762 1575 890 1609 Prisling.
923 1575 1052 1602 Placidus
1072 1576 1131 1609 pbr.
1146 1575 1398 1610 Oremiphanensis.
1431 1576 1564 1610 Iosephus
1584 1579 1611 1604 et
1626 1578 1793 1606 Benedictus

501 1617 562 1651 pbri
580 1617 758 1645 Hilarienses.

450 1660 499 1687 Ob.
518 1661 548 1687 D.
568 1661 652 1687 Aribo
676 1661 739 1688 abb.
759 1661 787 1687 in
807 1661 994 1695 Tegei-meam
1036 1661 1228 1695 Sigismundus
1252 1662 1312 1696 pbr.
1332 1662 1366 1688 de
1384 1663 1520 1696 Augusta.
1564 1662 1793 1690 Bartholomaeus

501 1713 541 1730 cv.
561 1704 588 1730 in
609 1704 771 1738 Tegernsee.
809 1705 929 1730 Miehael
949 1705 1008 1738 pbr.
1028 1705 1061 1730 de
1081 1705 1200 1731 Mellico.
1238 1704 1441 1738 cristophorus,
1462 1704 1641 1732 Sebastianus
1660 1708 1689 1732 et
1708 1706 1792 1741 Sigis-

501 1746 618 1772 mundus
637 1747 697 1780 pbri
716 1747 750 1772 de
769 1747 979 1781 Reichersperg.
1018 1747 1175 1773 Hartwieus
1196 1756 1237 1774 ev.
1256 1747 1284 1773 in
1298 1747 1407 1773 Gleink.
1445 1747 1550 1774 Probus
1570 1748 1629 1781 pbr.
1643 1749 1676 1774 de
1690 1749 1793 1776 Altach

500 1788 634 1816 Inferiori.
671 1790 761 1816 Maria
782 1790 904 1816 Barbara
923 1790 1000 1823 profa
1019 1789 1046 1816 in
1067 1790 1246 1824 Nidernburg
1266 1790 1399 1816 Passavii.
1437 1790 1527 1817 Maria
1541 1790 1698 1818 Coelestina
1716 1792 1794 1825 prosa

501 1832 528 1858 in
554 1831 689 1866 Nunberg
714 1832 878 1866 Salisburgi.
922 1832 1074 1858 Damianus
1098 1833 1157 1866 pbr.
1181 1832 1434 1859 Michaelburanus.
1477 1833 1649 1859 Aemilianus
1676 1834 1792 1861 clericus

502 1875 783 1901 Benedictoburanus.

449 1917 498 1944 Ob.
518 1918 633 1943 Ioannes
658 1918 690 1943 de
714 1917 840 1949 Mellico,
864 1917 1033 1944 wilhelmus
1057 1918 1089 1944 de
1110 1918 1250 1944 Gottwico
1275 1918 1342 1951 pbri.
1382 1918 1499 1943 Ioannes
1524 1918 1583 1951 pbr.
1603 1918 1636 1945 de
1656 1920 1790 1953 Augusta.

500 1960 655 1989 Udalrieus,
669 1960 854 1994 Wolsgangus
874 1962 902 1986 et
916 1961 1026 1987 Maurus
1041 1961 1100 1994 pbri
1114 1961 1147 1987 de
1160 1960 1262 1987 Altaeh
1277 1960 1412 1987 Inferiori.
1443 1960 1580 1986 Martinus
1598 1961 1656 1995 pbr.
1672 1962 1705 1988 de
1718 1962 1792 1988 Salz-

500 2004 596 2037 burga.
629 2003 776 2029 Mauritius
797 2003 872 2036 prior
885 2003 912 2029 in
926 2004 1088 2038 Tegernsee.
1119 2003 1315 2038 Wolffgangus
1335 2004 1394 2037 pbr.
1409 2003 1437 2029 iu
1452 2003 1602 2030 Chiemsee.
1634 2004 1792 2038 Stephanus

499 2046 559 2080 pbr.
579 2046 606 2072 in
626 2046 843 2073 Cremsminster.
881 2046 970 2073 Maria
991 2047 1063 2072 Rosa
1082 2047 1159 2080 profa
1178 2046 1207 2072 in
1227 2047 1362 2081 Nunberg
1379 2047 1543 2081 Salisburgi.

448 2089 479 2114 Di
500 2088 706 2121 Wolfha1·dus⁹)
725 2091 753 2116 et
772 2089 988 2123 Harttungusw)
1009 2090 1089 2116 abbes
1109 2099 1169 2116 cum
1195 2090 1258 2116 aliis
1278 2090 1400 2124 quinque
1423 2091 1457 2117 de
1477 2091 1640 2117 Ratis-bona.
1677 2091 1792 2118 Ioannes

498 2132 558 2165 pbr.
578 2132 606 2158 in
625 2132 790 2166 Tegernsee.
829 2132 1008 2160 Sebastianus
1028 2133 1087 2166 pbr.
1107 2133 1140 2159 de
1161 2133 1261 2159 Altaoh
1281 2133 1431 2167 Superiori.
1468 2133 1654 2168 'Wolfgangus
1673 2134 1742 2160 diac.
1758 2135 1792 2162 de

498 2175 658 2209 Salzburga.
701 2175 850 2202 Mauritius
876 2175 1006 2209 supprior
1033 2176 1061 2202 iu
1087 2176 1252 2210 Tegernsee.
1295 2176 1432 2202 Matthias
1461 2179 1489 2203 et
1514 2177 1648 2211 Aegidius
1677 2177 1738 2210 pbri
1763 2178 1791 2203 in

498 2217 707 2252 Reichersperg.
745 2218 879 2252 Georgius
900 2219 959 2252 pbr.
979 2218 1007 2244 in
1027 2219 1176 2245 Lambach.
1214 2219 1401 2254 Wolfgangus
1427 2220 1443 2246 l.
1465 2220 1498 2246 de
1517 2219 1664 2246 Gottwico.
1702 2220 1791 2247 Maria

499 2260 662 2287 Elisabetha
681 2262 796 2292 smonHS,
816 2262 892 2295 profa
910 2262 937 2287 in
956 2262 1171 2288 Hochenwarth.
1203 2262 1361 2288 Honoratus
1381 2262 1441 2296 pbr.
1455 2262 1491 2288 ad
1510 2262 1566 2288 Sum
1580 2263 1791 2289 Emmeramum.

384 2304 403 2329 Ἰ.
448 2303 497 2329 Ob.
515 2303 608 2330 Simon
628 2304 687 2338 pbr.
707 2304 741 2330 de
760 2304 880 2331 Mellico.
918 2304 1017 2331 Victor
1036 2305 1096 2338 pbr.
1115 2305 1148 2331 de
1167 2305 1270 2331 Altach
1291 2305 1426 2331 Inferiori.
1463 2305 1597 2331 Nicolaus
1617 2314 1658 2331 ον.
1678 2305 1789 2332 ibidem.

498 2346 619 2373 Michael
639 2356 679 2373 CV.
694 2347 727 2373 de
741 2347 984 2382 Closterneuburg.
1022 2347 1188 2374 Laurentius
1207 2348 1267 2381 pbr.
1282 2347 1395 2374 ibidem.
1433 2348 1550 2379 Marcus
1563 2347 1743 2374 Sebastianus
1762 2350 1791 2375 et

498 2389 633 2424 Aegidius
659 2390 720 2423 pbri
742 2391 775 2417 de
800 2389 1009 2424 Reichersperg.
1054 2391 1226 2417 Gotthardus
1252 2391 1312 2424 pbr.
1333 2391 1361 2416 in
1386 2391 1550 2425 Tegernsee.
1590 2391 1679 2416 Maria
1703 2391 1790 2417 Willa

497 2433 603 2458 snionliss
622 2432 650 2458 in
675 2433 809 2467 Nuuberg
827 2433 991 2468 Salisburgi.
1022 2433 1207 2467 Hieronymus
1230 2433 1291 2467 pbr.
1312 2433 1518 2466 Priflingensis.
1556 2433 1701 2460 Ansehnus
1721 2433 1789 2466 pbr„

498 2475 573 2508 prior
591 2484 623 2502 ao
643 2484 698 2502 sen.
718 2476 745 2501 in
765 2476 960 2503 Nideraltach.

243 2605 262 2636 ¹)
283 2603 319 2629 H.
334 2612 360 2629 n.
373 2603 425 2636 11„
444 2604 483 2630 ob.
497 2608 604 2631 α.1628.
724 2607 745 2637 ²)
769 2606 814 2632 Ob.
832 2610 940 2632 α.16ἲ9.
1060 2608 1080 2638 ³)
1103 2605 1136 2632 H.
1154 2615 1180 2632 π.
1198 2606 1246 2638 IL,
1266 2606 1304 2631 ob.
1318 2609 1428 2631 a.1697.
1554 2606 1573 2637 ⁴)
1592 2604 1629 2630 H.
1645 2612 1670 2630 n.
1683 2604 1730 2636 11„
1749 2604 1788 2629 ob.

376 2647 396 2680 ὃ)
414 2647 451 2674 Η.
463 2655 490 2672 n.
504 2647 544 2680 V„
563 2648 600 2674 ob.
614 2657 639 2674 α.
652 2653 720 2674 1544.
854 2651 873 2681 ⁶)
898 2649 942 2676 Ob.
957 2658 981 2676 [ι.
996 2653 1068 2676 1565.
1200 2650 1220 2681 ⁷)
1241 2647 1278 2674 H.
1291 2657 1317 2673 n.
1330 2648 1370 2674 II.
1390 2647 1495 2673 ridetur
1512 2656 1572 2675 esse.
1592 2647 1630 2672 ob.
1644 2654 1664 2672 e.
1679 2655 1704 2672 a.
1717 2649 1788 2672 1532.

137 2653 162 2671 a.
174 2649 245 2672 1189.

139 2689 160 2719 ⁸)
183 2687 227 2714 Ob.
241 2697 266 2714 a.
277 2691 344 2715 1135.

450 2690 471 2722 ⁹)
495 2689 540 2716 Ob.
555 2694 653 2716 [(1454
673 2692 741 2724 Any.
753 2694 791 2717 29.
901 2694 933 2723 ¹⁰)
957 2691 1002 2718 Ob.
1018 2701 1042 2717 a.
1057 2696 1118 2717 1458
1136 2691 1199 2717 Dec.
1215 2694 1245 2717 21
1265 2693 1312 2715 cmc
1330 2694 1368 2716 221.

1530 2741 1579 2766 46ἑξ
