2054 2948
277 677 915 740 NECROLOGIUM
955 677 1860 736 FUERSTENCELLENSE.

346 821 567 868 Hartwieus,
603 830 746 861 ecclesiae
781 830 971 861 cathedralis
1004 830 1209 861 Pataviensis
1245 831 1417 861 canonieus
1450 833 1478 861 et
1506 830 1724 868 scholasticus,
1759 830 1900 861 condidit

242 886 327 917 cirea
349 894 450 916 annos
473 882 688 913 1272—1276
711 882 882 913 adiuvante
904 881 1043 912 Henrieo
1059 881 1161 912 XIII.
1183 882 1260 912 duee
1283 882 1460 913 Baioariae
1483 882 1653 920 Inferioris
1675 881 1899 912 monasterium

243 937 364 969 ordinis
390 934 605 967 Oistereiensis
627 933 750 964 Beatae
772 933 904 964 Mariae
923 933 1048 973 Viryini
1071 933 1224 970 dicatum,
1253 944 1273 964 a
1302 933 1428 964 civitate
1449 932 1586 964 Patavia
1610 932 1770 964 meridiem
1792 942 1901 964 versus

242 989 351 1025 situm,
387 986 470 1026 quod
500 984 665 1016 monachos
697 985 834 1015 coenobii
865 984 1122 1015 Aldersbacensis
1144 985 1267 1023 primos
1301 983 1420 1015 incolas
1454 984 1566 1015 habuit
1597 993 1769 1023 nomenque
1799 982 1901 1015 Cellae

243 1039 431 1077 Principum
455 1036 680 1077 (Fiirsteneell)
708 1039 836 1067 nactum
868 1046 932 1067 esse
963 1037 1067 1074 fertur
1097 1036 1132 1067 ob
1159 1036 1310 1075 favorem,
1342 1045 1403 1075 quo
1425 1035 1602 1067 Baioariae
1625 1035 1790 1074 principes
1816 1034 1901 1065 hunc

243 1092 427 1122 conventum
449 1087 724 1127 amplectebantur.
771 1088 843 1119 Iam
866 1098 885 1118 a
905 1088 1022 1128 primis
1044 1087 1248 1125 fundationis
1263 1087 1453 1127 temporibus
1467 1087 1611 1118 monachi
1629 1086 1780 1118 Uelienses
1794 1095 1901 1117 necro-

243 1141 322 1181 loyio
353 1141 404 1171 usi
437 1150 501 1171 esse
530 1139 686 1170 videntur.
742 1138 930 1178 Exemplum
959 1138 1127 1179 neeroloyii
1155 1138 1190 1169 F
1190 1138 1438 1169 ilrstencellensis
1469 1141 1637 1176 vetustum,
1671 1137 1794 1169 saeculo
1824 1136 1900 1168 XV.

245 1192 434 1229 inchoatum,
458 1191 563 1221 adhue
586 1191 620 1221 in
644 1190 823 1221 bibliotheca
846 1191 933 1230 reaia
950 1190 1138 1222 „Monacensi
1160 1190 1217 1221 sub
1240 1191 1327 1230 siyno
1352 1190 1420 1222 Cim
1441 1190 1525 1221 1027
1547 1192 1737 1228 asservatur,
1760 1189 1796 1220 in
1817 1188 1902 1228 quod

244 1246 337 1275 notae
364 1242 556 1282 antiquioris
585 1241 749 1281 necroloyii
777 1242 942 1273 transiisse
966 1242 1172 1281 perhibentur
1199 1242 1282 1273 hisee
1310 1242 1426 1273 codicis
1452 1242 1552 1273 rerbis
1573 1241 1719 1273 extremis
1742 1240 1809 1281 (fol.
1826 1240 1902 1282 23).-

245 1294 392 1326 ‘Presens
425 1294 501 1325 liber
532 1296 726 1325 mortuorum
758 1293 971 1331 familiarium
1005 1296 1034 1324 et
1062 1293 1291 1332 benefactorum
1324 1294 1509 1324 monaster-ii
1540 1292 1803 1332 Celleprincipum
1836 1292 1903 1330 fuit

246 1349 413 1377 renovatus
436 1345 589 1376 dominice
603 1345 841 1376 incarnacionis
856 1355 940 1375 anno
956 1344 1119 1376 millesimo
1134 1344 1441 1384 quadi-inqentesimo
1457 1345 1644 1384 sexa-(yesinw
1660 1344 1753 1375 tercio
1770 1346 1903 1382 tempore

246 1397 404 1428 Iohannis
425 1396 548 1428 abbatis
570 1396 669 1435 (reyn.
687 1396 916 1436 1460—1496)
939 1399 968 1427 et
994 1396 1110 1427 Thome
1133 1396 1279 1433 Kunner,
1304 1396 1459 1427 Iohannis
1477 1396 1560 1435 Fery
1583 1398 1612 1427 et
1627 1395 1730 1435 Hawy
1752 1395 1902 1434 fratrum,

246 1449 303 1488 qui
325 1458 449 1487 operam
472 1448 576 1478 adhuc
595 1447 762 1488 feeerunt³.
812 1447 915 1479 C'oclez
937 1447 1118 1487 necroloyii,
1145 1448 1183 1478 de
1204 1458 1264 1487 quo
1287 1448 1425 1487 aqimus,
1453 1447 1534 1478 satis
1555 1446 1732 1484 mutilatus,
1754 1446 1903 1477 hodierno

247 1509 330 1530 more
357 1498 475 1529 tabulis
502 1499 676 1529 chartaceis
704 1498 821 1538 liyatus
848 1499 937 1538 (0,17
952 1509 998 1530 cm
1020 1506 1057 1531 ><
1081 1499 1153 1536 0,35
1174 1501 1235 1540 cm)
1264 1501 1385 1530 constat
1412 1499 1454 1528 24
1481 1498 1568 1536 foliis
1590 1498 1791 1538 peryamenis
1819 1499 1854 1537 (4
1864 1498 1902 1537 ⁰),

249 1561 382 1590 quorum
406 1549 540 1590 sinyulis
557 1551 690 1589 payinis
712 1560 914 1581 numerorum
937 1553 1029 1581 notae
1051 1550 1191 1581 adiectae
1214 1553 1297 1581 sunt.
1344 1550 1473 1581 Folium
1487 1551 1539 1580 23.
1555 1549 1777 1580 anniversaria
1793 1548 1904 1588 aliqua

247 1602 432 1633 celebranda
462 1602 593 1637 exhibet,
628 1601 739 1639 folium
771 1603 822 1633 24.
851 1602 960 1633 literas
988 1603 1172 1633 traditionis
1201 1613 1286 1633 anno
1317 1603 1400 1632 1464
1430 1602 1541 1633 editas.
1595 1601 1731 1641 Reliqua
1760 1601 1839 1640 folia
1869 1601 1905 1632 in

247 1654 390 1693 maryine
423 1654 599 1689 sententiis,
627 1653 778 1692 pretiosis
811 1654 1004 1693 inzayinibus
1037 1653 1203 1684 delineatis
1233 1657 1326 1693 atque
1358 1653 1510 1685 nobilium
1543 1653 1692 1692 stirpium
1725 1653 1903 1693 insiynibus

247 1705 378 1744 dep-ictis
407 1707 519 1735 ornata
543 1705 697 1743 praebent
725 1707 816 1736 notas
839 1705 1056 1744 necroloyicas.
1101 1705 1212 1736 Etiam
1235 1706 1357 1736 dierum
1381 1708 1409 1736 et
1431 1708 1613 1736 sanctorum
1629 1705 1903 1744 praestantiorum

246 1756 377 1787 nomina
408 1757 508 1787 variis
536 1755 688 1787 coloribus
711 1756 902 1795 pinyuntur.
955 1757 1067 1796 Ipsum
1095 1756 1303 1796 necroloyium
1331 1757 1486 1788 dividitur
1513 1757 1549 1787 in
1575 1756 1658 1787 duas
1680 1755 1840 1790 columnas
1867 1756 1903 1787 in

247 1807 329 1838 binis
350 1808 478 1847 payinis
503 1807 643 1838 culi-ersis
666 1807 843 1844 collocatas,
871 1818 1005 1847 quarum
1029 1808 1129 1839 altera
1153 1808 1375 1839 monachorum
1403 1811 1431 1839 et
1454 1818 1669 1839 conversorum
1692 1807 1904 1846 complectitur

247 1858 390 1896 nomina,
421 1858 521 1889 altera
549 1858 771 1897 familiarium.
821 1858 944 1890 Diebus
967 1862 1092 1890 1.—16.
1109 1860 1264 1891 Ianuarii
1290 1862 1318 1891 et
1342 1861 1489 1891 17.-—30.
1506 1859 1631 1899 Aprilis
1653 1859 1736 1890 deest
1758 1860 1904 1891 columna

248 1909 470 1941 monachorum
500 1913 528 1940 et
551 1920 780 1947 conversorum,
812 1910 921 1941 diebus
943 1922 1013 1942 rero
1037 1912 1164 1942 1.-16,
1182 1911 1307 1950 Aprilis
1329 1911 1543 1949 familiarium
1566 1910 1720 1942 columna.
1765 1911 1904 1942 Addita-

248 1964 352 1992 menta
375 1961 498 1992 saeculo
521 1961 596 1993 XV.
614 1965 744 1993 earcunte
767 1961 938 2002 necroloyio
961 1963 1081 1994 inserta
1104 1963 1280 2000 abundant,
1302 1966 1394 1995 notae
1416 1962 1535 1994 saeculi
1549 1962 1646 1994 XVI.
1663 1962 1758 1994 medii
1778 1963 1904 1994 omnino

249 2012 370 2044 desunt.
422 2012 552 2044 Saeculo
578 2013 612 2043 X
621 2013 671 2044 VJ.
695 2016 825 2044 exeunte
847 2013 1026 2052 posteriora
1055 2014 1185 2044 nomina
1213 2024 1278 2045 non
1306 2014 1521 2045 inveniuntur.
1571 2013 1673 2044 Notae
1698 2013 1905 2053 neeroloyicae

249 2073 353 2094 omnes
375 2064 453 2094 mihi
475 2064 525 2094 hie
548 2064 683 2095 edendae
706 2067 805 2095 erant.
857 2065 1108 2104 Antiquissimae
1126 2066 1235 2104 prima
1257 2076 1355 2096 manu
1377 2066 1514 2104 scriptae
1537 2065 1620 2106 typis
1642 2065 1813 2096 maioribus
1836 2066 1905 2096 red-

250 2114 378 2152 duntur,
401 2115 540 2154 reliquae
562 2115 685 2146 saeculo
703 2115 737 2146 X
745 2115 780 2146 V.
797 2119 948 2147 exaratae
971 2117 1054 2157 typis
1069 2117 1241 2148 maioribus
1256 2117 1355 2148 latius
1370 2117 1540 2156 dispositis,
1563 2119 1655 2148 notae
1670 2116 1793 2147 saeculo
1808 2116 1904 2148 XVI.

250 2165 390 2197 adiectae
413 2167 496 2206 typis
518 2167 691 2198 maioribus
714 2167 805 2198 uncis
828 2167 968 2205 inclusis,
992 2170 1084 2199 notae
1106 2168 1229 2199 saeculo
1253 2168 1370 2200 XVII.
1387 2168 1526 2199 adiectae
1548 2168 1630 2208 typis
1652 2167 1835 2199 minoribus.

938 2316 1019 2351 IAN
1024 2316 1215 2351 UARIUS.

373 2390 428 2416 kal.
493 2392 514 2416 1.
559 2388 777 2420 Helmhardus
806 2390 883 2420 civis
906 2389 1122 2429 Pataviensis,
1154 2391 1207 2431 qui
1238 2389 1328 2420 dedit
1355 2390 1446 2421 nobis
1473 2389 1618 2421 redditus
1645 2391 1685 2421 60
1704 2395 1724 2427 «ᾖ.
1749 2389 1789 2421 de
1817 2400 1905 2421 mac-

612 2440 693 2471 cello
718 2440 861 2471 Patavie.
907 2441 1067 2472 Dietricus
1090 2441 1401 2482 Westerburgarius.
1449 2441 1671 2473 Wernhardus
1695 2441 1791 2472 famifl.

316 2492 363 2519 HI.
378 2501 439 2518 non.
493 2493 517 2518 3.
564 2489 623 2520 Ob.
641 2491 862 2522 XVernharius.
909 2492 1085 2523 Gertrudis.
1131 2492 1276 2524 Ortolfus
1300 2493 1383 2523 filius
1406 2493 1553 2524 Hallarii.

330 2545 364 2570 ΙΙ.
377 2553 438 2569 non.
493 2545 516 2570 4.
564 2540 637 2582 [Ob.
659 2542 803 2573 Barbara
830 2568 1061 2575 ........
1069 2544 1096 2585 Β)
1119 2544 1167 2575 fr*s
1189 2544 1217 2575 ni
1242 2544 1375 2586 Georgii
1400 2543 1640 2586 Schatzmaier.]
1691 2543 1905 2585 Engelbertus

614 2593 735 2624 villicus
760 2594 799 2625 de
823 2595 1002 2637 Munczing.

357 2710 379 2742 ²)
400 2710 536 2742 Sequentia
555 2713 676 2738 exstincta
696 2719 761 2739 sunt.
