2054 2948
250 100 290 129 88
844 87 1028 115 DIOECESIS
1048 86 1113 113 PAS
1119 83 1306 112 SAVIENSIS.

272 180 431 214 XV11.ka1.
475 180 515 205 15.
561 176 709 211 Gregorius
732 175 791 209 pbr.
810 176 837 201 et
861 183 896 201 m.
914 173 940 199 in
960 173 1079 199 Monsee.
1121 170 1336 203 Christophorus
1357 167 1544 200 Frankinger,
1571 166 1718 192 Udalricus
1737 166 1899 200 Fritzinger,

610 218 746 245 Matthias
764 216 957 244 Geratstorffer
975 215 1035 249 pbri
1055 217 1084 241 et
1103 213 1163 240 cani
1182 213 1209 238 in
1230 211 1439 244 Reichersperg.
1477 209 1517 243 [P.
1531 209 1667 243 Georgius
1683 209 1789 240 Braun,
1812 209 1842 236 P.
1855 208 1900 234 Er-

611 262 713 288 hardus
726 260 856 294 Migelius
874 259 902 284 in
917 258 1046 290 Seheyrn.
1083 255 1219 282 Achatius
1233 254 1346 280 Schrott
1367 253 1442 286 prior
1460 253 1490 278 in
1505 252 1632 279 Garsten.
1669 252 1698 278 P.
1711 251 1901 278 Ferdinandus

612 305 708 335 Diller,
729 301 905 329 Mellicensis.
942 301 970 326 Ρ.
985 299 1130 326 Udalricus
1149 298 1241 328 Iacob,
1260 294 1476 328 lambacensis]

288 352 360 377 XVI.
374 351 429 376 kal.
477 351 516 376 16.
562 348 657 374 siboto
677 356 710 372 m.
749 344 920 378 Augustinus
938 343 1104 372 Schonauer,
1130 340 1283 366 Pantaleon
1304 338 1411 368 starch.
1433 338 1551 364 loannes
1569 337 1776 363 Altenbuecher
1797 336 1855 370 pbri
1874 338 1902 363 et

614 390 675 416 cani
698 389 733 415 ad
751 388 808 414 Sum
827 386 982 412 Nicolaum.
1020 383 1233 416 christophorus
1257 382 1326 408 diac.
1345 381 1379 407 ad
1400 381 1455 407 Sum
1475 380 1580 407 Vitum.
1619 379 1658 413 [P.
1671 379 1851 406 Sebastianus
1874 379 1901 405 in

612 432 776 465 Ebersperg.
812 429 960 462 Philippus
980 427 1071 453 Neher
1091 426 1165 460 prior
1190 426 1224 451 ad
1244 424 1340 451 scotos
1361 424 1492 450 Viennae.
1529 424 1644 450 loannes
1663 423 1761 449 Rauch
1781 422 1855 456 prior
1873 422 1903 448 in

614 475 713 501 Beiiru.
751 472 893 499 christina
912 469 1073 497 Gebhardin
1092 469 1120 494 in
1141 468 1291 501 Nuuberg.]

302 521 361 548 XV.
374 521 430 546 kal.
475 520 516 545 17.
561 518 692 544 Albertus
717 517 741 542 ni
766 515 848 541 monii
873 514 961 545 abb.¹)
1002 513 1042 546 [P.
1062 512 1185 537 Andreas
1211 511 1239 536 in
1263 510 1389 536 Garsten.
1434 509 1477 534 Fr.
1495 508 1632 534 Martinus
1656 507 1748 534 Strobl
1775 507 1803 533 in
1828 507 1903 533 Rott.

614 560 642 585 P.
657 558 792 593 Georgius
815 557 842 583 iu
863 556 1078 582 Cremsmiuster.
1119 554 1150 580 D.
1165 554 1277 580 Maurus
1301 552 1364 578 abb.
1383 552 1411 578 iu
1431 552 1555 583 Beiirn.²)
1592 551 1621 577 P.
1635 550 1815 577 Sebastianus
1835 549 1904 576 Ekel

613 603 640 628 in
661 602 730 628 Attl.
768 601 796 626 P.
810 600 891 632 Hugo
911 598 1009 632 Singer
1027 598 1056 623 in
1067 596 1230 630 VVindberg.
1268 596 1357 622 Maria
1377 594 1520 621 christina
1539 593 1728 620 Schaffmanin
1749 593 1857 619 smonliss
1876 593 1905 619 in

614 645 754 677 Nunberg.
793 643 821 668 P.
836 642 1015 668 Sebastianus
1035 640 1245 673 Haschpichler,
1266 638 1451 670 Mellieemis.)

291 691 363 716 XIV.
379 690 433 715 kal.
480 689 519 715 18.
565 688 689 713 Ebranus
714 680 754 713 ev,
797 685 867 711 Utta
891 684 1006 710 smonliss.
1048 683 1087 716 [P.
1107 683 1222 708 Ioannes
1246 682 1273 707 in
1299 681 1412 715 Piburg.
1457 680 1636 706 Sebastianus
1660 679 1735 713 prior
1758 678 1787 704 in
1810 677 1905 704 Monte

615 731 634 755 si
655 728 775 763 Georgii.
813 728 928 753 loannes
952 726 1063 752 Stadler
1087 725 1162 758 prior
1185 725 1213 750 in
1233 724 1394 750 Novacella.
1432 723 1647 757 Christophorus
1670 722 1730 755 pbr.
1749 723 1777 748 et
1800 729 1859 747 ean.
1877 720 1906 746 in

613 772 711 798 Snben.
754 771 782 796 P.
797 770 945 796 Balthasar
967 769 1075 795 Decker
1101 768 1129 793 in
1156 767 1366 794 Obernaltaieh.
1407 766 1555 800 Gregorius
1577 765 1694 792 Diether
1718 764 1793 799 prior
1812 764 1906 790 Cellae

615 815 643 841 B.
656 815 688 840 V.
702 813 815 843 Mariae,
834 813 990 838 submersus
1005 811 1032 837 in
1048 811 1134 837 Rotta
1153 819 1238 844 prope
1253 809 1462 836 Biebershaimb
1478 808 1551 835 1634.
1591 809 1619 834 P.
1634 807 1770 834 Melchior
1783 807 1908 834 Lechner

618 858 645 883 in
667 857 742 882 Rott.
780 856 809 881 P.
823 855 1006 882 Corbinianus
1026 854 1116 880 Hakel
1136 853 1163 879 in
1184 853 1266 886 Atti]

289 905 364 930 XIII.
377 903 432 929 kal.
479 903 518 928 19.
565 902 689 934 Rugerus
712 900 771 933 pbr.
790 901 818 925 et
841 908 876 924 m.
914 897 1097 924 Berchtoldus
1116 906 1141 922 n.
1161 906 1183 922 c.
1201 906 1235 922 m.
1273 895 1421 929 Gregorius
1445 895 1505 928 pbr.
1527 896 1556 920 et
1579 903 1614 919 m.
1632 893 1660 919 in
1685 892 1908 919 Nidernaltaich.

616 943 777 969 Matthaeus
797 942 857 975 pbr.
871 943 899 967 et
918 950 978 967 can.
992 940 1020 966 in
1034 939 1234 965 Waldhausen.
1271 938 1310 972 [P.
1328 938 1441 964 Iacobus
1461 937 1489 963 in
1508 936 1715 963 Reiehenbach.
1753 935 1908 962 Bernartius

615 986 677 1012 abb.
703 986 730 1011 in
759 983 992 1015 Obernaltaich.³)
1039 983 1068 1008 P.
1093 982 1207 1008 Iacobus
1233 982 1353 1007 Herman
1383 981 1412 1007 in
1438 980 1617 1007 Osterhoven.
1664 979 1752 1005 Maria
1777 979 1910 1005 Theresia

617 1027 887 1054 Schwarzlechnerin
913 1027 991 1052 novist
1012 1026 1040 1052 in
1065 1025 1287 1058 Seelligeuthall.
1330 1024 1418 1050 Maria
1443 1023 1587 1050 Gertrudis
1607 1021 1776 1048 Rottmairin
1801 1022 1910 1048 ειυοιιῑῑ11

620 1072 646 1097 in
668 1071 809 1104 Nunberg.
846 1069 1006 1096 Ambrosius
1026 1068 1129 1094 Stessel
1149 1068 1208 1101 pbr.
1224 1070 1252 1094 et
1271 1076 1329 1093 can.
1347 1066 1515 1100 Robrensis]

304 1118 363 1143 ΧΠ.
377 1117 433 1142 kal.
479 1117 519 1142 20.
566 1115 687 1141 Thomas
707 1114 838 1144 Kastner‚
863 1112 1015 1139 Henericus
1036 1112 1104 1145 Engl
1129 1111 1188 1144 pbri
1211 1113 1239 1136 et
1263 1110 1324 1135 cani
1344 1110 1379 1135 ad
1398 1110 1454 1135 Sum
1474 1109 1631 1135 Nicolaum.
1676 1107 1820 1134 Oswaldus
1840 1107 1909 1133 diae.

619 1158 645 1183 iu
661 1156 866 1183 Reichenbaeh.
900 1155 1057 1182 Leonardus
1071 1162 1131 1180 can.
1146 1153 1173 1179 in
1188 1153 1357 1179 Raushoven.
1390 1152 1429 1186 [P.
1441 1151 1592 1178 Othmarus
1606 1151 1635 1177 in
1648 1151 1767 1178 Monsee.
1796 1151 1826 1176 D.
1837 1151 1910 1184 Mag-

618 1210 668 1226 nus
688 1199 782 1226 Keller
806 1207 883 1232 ppos.
899 1198 926 1223 in
948 1197 1181 1230 Reiehersperg.⁴)
1219 1196 1353 1229 Georgius
1373 1195 1472 1221 Deflrle
1498 1194 1626 1228 supprior
1652 1193 1680 1220 in
1700 1193 1910 1220 Nidernaltach.

619 1243 741 1268 Adamus
760 1241 864 1267 Bruner
883 1241 911 1266 in
931 1240 1092 1266 Novaeella.
1130 1239 1160 1265 D.
1176 1238 1292 1264 Iacobus
1311 1238 1440 1264 Schleich
1459 1237 1523 1263 abb.
1537 1237 1565 1263 in
1585 1237 1734 1270 Metten.⁵)]

320 1289 366 1314 XI.
380 1288 436 1314 kal.
481 1288 522 1313 21.
568 1287 684 1312 Ioannes
707 1285 770 1311 abb.
792 1284 819 1310 in
844 1283 1078 1314 Obernaltaich.⁸)
1122 1282 1161 1315 [P.
1177 1282 1288 1307 Maurus
1308 1281 1411 1306 Rainer
1434 1280 1461 1306 in
1483 1279 1703 1306 Nidernaltaich.
1748 1279 1775 1305 P.
1791 1279 1912 1305 Thomas

619 1329 704 1354 Alber
724 1327 750 1353 in
765 1327 859 1353 Monte
873 1327 893 1352 si
907 1325 1028 1360 Georgii.
1060 1325 1090 1351 D.
1105 1325 1226 1351 Thomas
1241 1324 1330 1350 Resch
1344 1324 1408 1350 abb.
1424 1323 1561 1356 ibidemff)
1593 1322 1622 1348 P.
1636 1322 1784 1356 Gregorius
1799 1323 1913 1354 Saymer

619 1371 646 1396 iu
667 1370 736 1396 Attl.
775 1370 802 1395 P.
817 1369 992 1395 Abrahamus
1013 1368 1137 1401 Pannagl
1163 1367 1191 1393 in
1211 1367 1336 1393 Garsten.
1375 1365 1548 1392 Aemilianus
1567 1365 1726 1399 Menzinger
1745 1365 1773 1390 in
1793 1364 1911 1391 Seitten-

620 1415 733 1439 stetten.
773 1412 927 1445 Leopoldus
943 1412 1123 1444 Warsperger
1143 1411 1202 1444 pbr.
1216 1412 1245 1436 et
1265 1418 1324 1435 can.
1338 1410 1372 1435 ad
1392 1409 1449 1435 Sum
1468 1408 1675 1442 Hippolytum.]

501 1466 523 1484 ·.
570 1456 745 1483 Eberhardus
759 1464 815 1489 eps.
826 1453 1079 1488 Salisburgeusisfl)
1111 1453 1299 1479 Theodericus
1313 1452 1375 1478 abb.
1390 1451 1631 1483 FormbaeensiS.⁰)
1667 1450 1816 1482 Conradus,
1835 1450 1913 1476 Ioan-

621 1508 668 1525 nes
693 1508 719 1525 n.
736 1507 758 1524 c.
777 1498 837 1532 pbri
862 1501 889 1524 et
914 1498 957 1523 mi.
1000 1497 1111 1522 Maurus
1134 1496 1210 1529 prior
1234 1495 1262 1521 in
1287 1495 1363 1521 Rott.
1410 1494 1450 1527 [D.
1465 1494 1628 1520 Lambertus
1652 1494 1760 1527 Poguer
1785 1502 1863 1526 ppos
1884 1494 1913 1519 in

621 1543 758 1571 Suben.¹¹')
796 1542 824 1568 P.
838 1541 998 1567 Ambrosius
1018 1540 1205 1566 Kalteneeker
1224 1540 1258 1565 ad
1278 1540 1334 1565 S1¹¹¹¹
1350 1539 1470 1565 Petrum.
1508 1539 1536 1564 P.
1550 1537 1686 1564 Martinus
1705 1537 1777 1564 Hien
1797 1537 1824 1563 in
1844 1537 1913 1563 Attl.

624 1585 836 1612 P.Gui1ie1ums
861 1584 1012 1617 Schonling
1040 1583 1066 1608 in
1091 1583 1169 1608 Seon.
1214 1582 1343 1608 Placidus
1366 1581 1552 1615 Eggenfelder
1576 1581 1650 1614 prior
1672 1581 1707 1607 ad
1731 1580 1788 1607 Sum
1808 1580 1913 1606 Vitum.

625 1629 651 1654 P.
663 1628 745 1654 Vitus
759 1627 874 1661 Wegele
888 1636 913 1653 n.
925 1636 947 1652 c.
987 1626 1141 1659 Leopoldus
1154 1625 1354 1659 Wegsehaider
1367 1625 1426 1658 pbr.
1441 1627 1468 1650 et
1482 1633 1542 1650 can.
1556 1623 1915 1657 Claustro-neoburgensis.]

324 1674 440 1700 lX.kzrl.
486 1673 525 1699 ⁴23.
573 1672 700 1698 Iacobus
721 1671 906 1704 Wolfgangus
931 1670 990 1703 pbri
1016 1671 1044 1695 et
1068 1670 1102 1694 mi
1126 1668 1154 1694 in
1180 1668 1342 1694 Formbach.
1387 1667 1540 1693 Bernardus
1560 1666 1729 1692 Toblhamer
1753 1665 1813 1699 pbr.
1851 1665 1915 1691 Her-

623 1714 723 1740 bordus
743 1714 802 1747 pbr.
817 1715 845 1739 et
864 1722 898 1738 m.
931 1712 1028 1738 Daniel
1048 1711 1210 1743 Schwegele
1229 1711 1288 1744 pbr.
1303 1713 1331 1736 et
1350 1720 1384 1736 m.
1398 1710 1426 1736 in
1444 1710 1549 1736 Audex.
1581 1710 1697 1735 loannes
1714 1709 1801 1741 Mayr,
1822 1708 1915 1735 Hiero-

622 1766 720 1789 nymus
734 1757 915 1789 Zeehetmayr
934 1756 993 1789 pbri
1013 1757 1041 1781 et
1061 1756 1095 1780 mlv
1110 1755 1138 1780 in
1154 1753 1378 1780 Nidernaltaieh.
1417 1754 1456 1785 [D.
1470 1753 1569 1779 Petrus
1583 1752 1731 1778 Wideman
1744 1751 1807 1778 abb.
1823 1752 1916 1778 Cellae

626 1801 655 1826 B.
670 1800 706 1826 M.
721 1800 790 1827 V.¹¹)
827 1799 993 1824 Guilielmus
1013 1798 1131 1824 Huester
1151 1797 1210 1830 pbr.
1225 1799 1253 1823 et
1273 1806 1306 1822 m.
1321 1795 1553 1829 cremifanensis]

296 1845 369 1870 Vlll.
385 1845 439 1870 kal.
484 1844 525 1869 24.
573 1843 728 1869 Leouardus
748 1852 803 1876 eps.
819 1841 1053 1873 Passuviensis.¹²)
1098 1840 1274 1866 Burcharrlns
1301 1840 1365 1865 abb.
1379 1839 1407 1864 in
1427 1838 1651 1869 Mallerstorffm)
1695 1838 1789 1863 Ieutta
1808 1846 1860 1863 sor.
1876 1842 1916 1863 na.

626 1886 766 1912 Erhardus
786 1886 844 1919 pbr.
860 1887 887 1911 et
906 1894 941 1911 m.
956 1884 984 1910 in
998 1884 1092 1910 Monte
1112 1885 1132 1909 si
1147 1883 1268 1917 Georgii.
1306 1883 1345 1916 [P.
1360 1882 1463 1908 Paulus
1477 1881 1624 1908 Gotschler
1643 1881 1754 1907 ibidem.
1792 1880 1822 1907 P.
1836 1881 1917 1907 Geor-

625 1929 686 1962 gius
706 1928 733 1954 in
747 1928 877 1960 Scheyrn.
914 1927 1074 1961 Stephanus
1095 1927 1154 1960 pbr.
1169 1929 1197 1952 et
1210 1936 1244 1952 ιιι.
1258 1926 1286 1952 in
1300 1926 1547 1959 Weiheustephan.
1585 1925 1614 1951 P.
1625 1925 1746 1951 Miehael
1760 1924 1788 1950 in
1802 1924 1916 1951 Metten-

626 1971 745 1997 Michael
769 1971 879 1997 Strauss
903 1971 962 2004 pbr.
981 1973 1008 1996 et
1033 1979 1093 1996 can.
1114 1970 1141 1995 in
1165 1969 1337 1995 Osterhofen.
1383 1968 1412 1994 P.
1432 1968 1597 1995 Laurentius
1621 1968 1680 1994 Ibel
1704 1967 1732 1993 in
1751 1967 1918 2001 Altenburg.

627 2013 786 2039 Mecbtildis
800 2013 999 2039 Kefferloheriu
1020 2013 1127 2038 smonliss
1142 2012 1169 2038 in
1183 2012 1316 2038 Kiebach.
1349 2012 1376 2037 P.
1393 2011 1526 2045 Georgius
1539 2010 1610 2037 Saxo
1628 2010 1718 2037 senior
1734 2010 1762 2036 in
1776 2009 1917 2043 Weyarn.]

318 2058 377 2083 Vll.
392 2058 446 2083 kal.
493 2057 532 2082 25.
580 2057 712 2090 Georgius
733 2057 821 2082 Moser
842 2057 900 2090 pbr.
915 2059 943 2082 et
962 2065 1021 2082 ean.
1036 2057 1070 2082 ad
1085 2058 1140 2081 511111
1155 2056 1335 2081 Salvatorem.
1375 2055 1414 2088 [P.
1429 2054 1611 2081 Sebastianus
1629 2054 1657 2080 in
1668 2053 1918 2086 Weihenstephan.

629 2099 768 2125 Ortliebus
787 2099 847 2132 pbr.
878 2100 933 2125 Ozo
953 2108 993 2125 cv.
1024 2099 1183 2125 Leonardus
1202 2107 1280 2132 ppos
1295 2098 1322 2124 iu
1338 2098 1475 2130 Suben.¹¹)
1508 2097 1648 2124 Dorothea
1667 2106 1717 2123 sor.
1732 2101 1773 2122 ηδ.
1805 2096 1834 2121 Ρ.
1849 2096 1917 2122 Mat-

628 2143 726 2168 thaeus
740 2142 838 2168 Waser
857 2143 883 2168 in
904 2142 1008 2168 Andex.
1047 2142 1075 2168 P.
1090 2142 1281 2175 sigismundus
1302 2141 1413 2167 Fischer
1432 2140 1459 2166 in
1481 2140 1555 2166 Rott.
1593 2140 1622 2165 P.
1636 2139 1770 2173 Georgius
1790 2138 1918 2165 Schlazer

628 2186 662 2211 ad
682 2185 737 2210 S¹¹¹¹¹
758 2185 862 2211 Viturii.
901 2185 943 2211 Fr.
961 2185 1096 2218 Georgius
1115 2185 1247 2210 Pfrouuer
1271 2185 1298 2209 in
1325 2183 1484 2210 Novaeella.
1522 2183 1550 2209 P.
1567 2182 1733 2209 Benedictus
1752 2182 1919 2214 Stollemayr

630 2228 720 2254 senior
739 2228 774 2253 ad
794 2228 849 2253 Sum
870 2228 989 2254 Petrum.
1029 2228 1173 2254 Anselmus
1193 2227 1252 2260 pbr.
1266 2229 1295 2253 et
1313 2236 1347 2253 m.
1362 2227 1390 2253 in
1409 2226 1585 2259 Formbach]

329 2271 444 2297 VLkal.
489 2271 529 2296 ⁶26.
576 2271 749 2297 Ebur-hardus
773 2271 798 2296 ni
823 2272 902 2296 mouii
925 2271 1026 2303 abb.¹⁵)
1070 2271 1191 2296 Thomas
1215 2272 1243 2296 et
1268 2270 1422 2304 Rudigerus
1447 2279 1472 2295 n.
1492 2278 1513 2295 c.
1558 2269 1597 2302 [P.
1612 2269 1727 2294 Ioannes
1750 2267 1778 2293 in
1802 2268 1919 2294 Glefink.

631 2314 659 2339 D.
674 2314 845 2339 Christianus
862 2314 925 2340 abb.
942 2315 968 2340 in
983 2314 1230 2345 Oberualtaiclrff)
1268 2313 1404 2347 Casparus
1418 2313 1477 2347 pbr.
1492 2314 1519 2339 et
1533 2321 1568 2338 m.
1582 2311 1694 2337 ibidem.
1731 2311 1760 2337 P.
1774 2311 1919 2337 Oswaldus

631 2365 688 2381 ean.
704 2356 730 2381 in
745 2356 918 2383 Raushoveu.
950 2358 978 2383 D.
994 2357 1209 2390 Christophorus
1224 2356 1311 2382 Zandt
1331 2356 1356 2381 ni
1376 2356 1456 2382 monii
1473 2355 1604 2387 abb.a)¹⁷)
1635 2353 1725 2380 David
1740 2354 1842 2380 Textor
1859 2353 1919 2387 pbr.

632 2401 660 2424 et
679 2408 713 2424 ni.
727 2399 755 2424 in
777 2399 883 2432 Beiirn.]

334 1460 368 1486 X.
383 1460 437 1485 kal.

483 1460 498 1484 10

501 1459 516 1484 K»

375 2498 397 2528 a)
417 2498 448 2521 In
468 2498 583 2529 maryine
602 2507 679 2521 mann
696 2499 833 2529 posteriori
851 2504 885 2523 est
906 2500 1076 2531 adscriptum:
1099 2501 1170 2524 1539.

377 2570 396 2599 1)
421 2569 515 2595 Utrum
529 2569 551 2595 Ι.
564 2577 601 2594 απ
615 2569 655 2594 ΙΙ.
669 2570 840 2602 siynisicetm',
854 2570 983 2595 incertzmz
997 2573 1041 2596 est.
1132 2572 1152 2601 ²)
1174 2570 1218 2596 Ob.
1233 2579 1257 2596 a.
1269 2574 1336 2595 1541.
1425 2569 1444 2599 ³)
1468 2567 1512 2593 Ob.
1526 2576 1551 2592 a.
1565 2571 1633 2592 1541.
1718 2567 1738 2598 ⁴)
1762 2565 1805 2591 Ob.
1816 2574 1840 2591 α.
1853 2568 1920 2591 1612.

275 2614 294 2644 ⁵)
316 2612 359 2637 011.
373 2620 397 2637 α.
413 2615 484 2643 1668,
504 2611 548 2637 sed
566 2613 637 2645 Any.
652 2615 690 2637 12.
782 2614 802 2640 ⁶)
824 2612 868 2638 oh.
883 2622 908 2639 a.
924 2616 994 2638 1482.
1086 2616 1106 2644 ⁷)
1131 2613 1175 2638 Ob.
1190 2621 1214 2638 a.
1230 2616 1298 2639 1591.
1336 2610 1430 2644 (Apud
1448 2609 1616 2636 Lindneram
1636 2609 1772 2634 Iohannes
1793 2608 1921 2640 Roesch.)

275 2656 294 2681 u
320 2654 404 2680 00.a.
419 2658 487 2680 1164.
581 2657 600 2683 ⁹)
623 2654 704 2680 oea.
720 2658 791 2680 1461.
887 2657 918 2687 ¹0)
943 2655 987 2682 011.
1002 2665 1026 2681 a.
1042 2659 1111 2682 1542.
1208 2656 1241 2688 11)
1262 2655 1307 2681 Ob.
1321 2663 1346 2680 a.
1360 2657 1433 2680 1626.
1524 2653 1557 2683 12)
1579 2651 1622 2677 Ob.
1637 2660 1661 2677 a.
1677 2655 1745 2677 1451.
1820 2651 1852 2684 ¹³)
1877 2650 1920 2676 Ob-

272 2707 297 2723 (ι.
313 2701 381 2723 1122.
490 2699 521 2729 ¹⁴)
546 2697 590 2724 Ob.
604 2706 629 2723 a.
644 2700 711 2723 1493.
820 2700 852 2729 ¹⁵)
873 2698 918 2723 Ob.
933 2707 958 2723 α.
972 2702 1038 2724 1256.
1147 2700 1179 2731 ¹⁶)
1201 2698 1246 2724 Ob.
1260 2707 1284 2724 a.
1300 2701 1371 2723 1502.
1481 2696 1513 2728 ¹⁷)
1537 2695 1580 2721 Ob.
1594 2703 1618 2720 ιι.
1633 2696 1702 2720 1539.
