2054 2948
270 94 327 123 164

296 350 370 376 VIII.
385 350 420 376 id.

311 717 371 743 VII.
385 716 424 742 id.

327 939 372 965 VI.
386 939 423 965 id.

340 1119 370 1145 Y.
385 1118 421 1144 id.

328 1381 374 1407 IV.
387 1381 424 1407 id.

326 1612 373 1638 111.
388 1612 422 1638 id.

339 1937 374 1962 ΙΙ.
389 1936 424 1962 id.

387 2179 423 2205 id.

276 2319 376 2345 XVIII.
390 2319 446 2345 kal.

493 1382 531 1409 10.

491 1613 528 1638 ll.

493 2180 531 2205 13.

492 2320 530 2346 14.

861 87 1045 114 DIOECESIS
1064 85 1321 113 PASSAVIENSIS.

625 174 706 210 covia-
719 174 762 200 ob.
800 173 937 199 Iohannes
950 173 983 200 de
998 173 1176 206 Newnburga
1190 172 1250 206 pbr.
1263 174 1293 198 et
1306 180 1365 198 can.
1379 171 1408 197 in
1418 170 1577 197 Walthusa.
1613 171 1781 198 Laurencius
1795 171 1915 199 Streibel

626 217 684 250 pbr.
705 219 733 243 et
757 225 816 242 cau.
835 216 861 242 h.
879 216 968 242 monii.
1011 215 1168 249 Stephanus
1186 215 1246 249 pbr.
1267 216 1296 241 et
1315 223 1375 240 can.
1393 214 1419 239 Si
1438 213 1556 247 Ypoliti.
1593 213 1728 241 Obierunt
1751 214 1778 240 iu
1798 214 1915 241 Newen-

625 259 739 285 kirchen
763 258 795 284 D.
812 257 951 284 Steffanus
974 258 1061 291 Engel
1090 260 1119 284 et
1142 258 1173 284 D.
1194 257 1343 284 leronimus
1369 256 1482 289 Heyden
1510 265 1560 283 nec
1582 265 1636 282 non
1659 257 1691 283 fr.
1709 257 1848 284 Erhardus
1872 266 1914 284 cv.

626 302 667 335 [D.
683 301 803 327 Michael
822 300 881 334 pbr.
896 302 924 327 et
943 308 1002 326 can.
1016 300 1044 325 in
1064 300 1293 333 Reychersperg.]

574 345 759 376 Rudbertus
791 344 991 375 Pataviensis
1027 344 1125 384 eps.¹)
1180 343 1350 373 Hoholdus
1385 342 1454 383 pbr.
1483 344 1516 372 et
1547 326 1617 372 ¹can.
1646 341 1915 383 Salczburgensis.

625 396 865 427 Ham-twinus
893 395 1016 425 dietus
1043 394 1107 425 Eir
1136 394 1214 435 pbr.
1238 397 1275 425 et
1302 404 1377 424 can.
1400 394 1430 424 h.
1453 393 1572 424 eoclie.
1623 392 1811 424 Rudolfus
1839 404 1916 425 can.

625 447 919 478 Ranshovensis.
965 451 1058 484 Agnes
1083 450 1130 476 ονἓὶ
1156 445 1236 476 ecclie
1257 449 1577 483 Herczogenburgensis.
1622 448 1787 475 christanus
1810 449 1871 483 pbr.
1888 451 1918 476 et

624 498 682 524 dec..
704 497 732 523 in
753 497 905 523 Novacella
924 497 967 522 ob.
1010 497 1038 522 P.
1053 495 1231 522 Christoffrus
1250 495 1309 528 pbr.
1332 496 1360 520 et
1379 503 1440 521 can.
1464 494 1493 520 in
1513 493 1726 521 Newnkirchen.
1768 495 1799 521 D.
1813 494 1917 529 Caspar

625 540 685 574 pbr.
699 542 727 566 et
746 548 805 566 can.
819 539 845 564 h.
860 539 939 565 ecclie
954 541 983 565 et
995 540 1158 572 procurator
1170 548 1196 564 n.
1210 537 1238 563 in
1251 538 1403 564 Mauttorn.
1439 537 1471 564 D.
1485 537 1632 563 Hainrieus
1645 537 1753 563 Zollner
1765 538 1798 564 de
1812 537 1918 564 Nureu-

626 582 710 616 berga
724 591 792 616 mgr.
812 581 925 611 areium,
945 581 1084 614 quondam
1100 581 1175 614 prior
1192 580 1274 607 ecclie
1287 581 1316 606 in
1331 580 1517 606 Neiukirehen
1532 580 1578 606 cfr.
1592 589 1618 606 n.
1649 580 1680 606 D.
1694 580 1829 606 Iohannes
1842 580 1918 614 Rasp

625 625 684 658 pbr.
703 627 730 651 et
750 633 809 650 can.
823 624 850 650 iu
873 623 1091 658 Beiehersperig.
1129 623 1169 657 [D.
1183 623 1341 650 vilhelmus
1361 622 1481 649 Fendius
1500 631 1578 656 ppos.
1595 623 1676 649 monii
1697 623 1918 656 Raythenpuech

624 667 731 700 (15)58.]

576 711 747 752 Mychahel
772 710 839 751 pbr.
859 710 913 741 cfr.
932 721 960 740 11.
979 709 1018 741 de
1043 710 1205 741 Seceovia.
1248 714 1358 741 Ulricus
1375 714 1466 740 dictus
1483 715 1645 748 Ferenpach
1654 711 1691 748 (?)
1708 714 1769 748 pbr.
1786 714 1816 740 in
1829 714 1917 740 Walt-

621 761 698 787 husa.
740 760 876 786 Martinus
901 759 992 786 dictus
1016 759 1182 793 Semelczipf
1209 760 1268 794 pbr.
1291 762 1319 787 et
1346 769 1406 786 can.
1427 760 1455 786 in
1482 760 1738 794 Herczogenburga.
1781 760 1918 786 Iohannes

625 803 873 837 Plankhenperger
891 803 952 836 pbr.
965 805 994 829 et
1013 812 1071 829 cau.
1086 803 1112 829 b.
1127 803 1217 829 ecclie.
1249 803 1434 837 WVolfgangus
1454 803 1487 830 de
1506 802 1591 829 Ebria.
1610 803 1679 837 prof.
1692 803 1727 829 ad
1745 803 1800 828 Sum
1815 802 1918 828 Floria-

624 856 699 872 num.
737 847 777 879 [D.
794 846 916 872 Michael
935 846 1056 872 Glunckl
1075 846 1145 879 prof.
1159 846 1239 872 mouii
1253 846 1317 872 Alte
1332 845 1478 872 Inferioris.
1516 846 1547 871 D.
1561 845 1717 879 Leopoldus
1736 845 1795 879 pbr.
1810 847 1838 872 el:
1857 854 1916 871 can.

625 890 653 915 iu
674 889 824 922 Neuburga.
843 888 1004 915 Claustrali.
1041 889 1071 914 D.
1086 889 1204 915 Ioannes
1224 889 1284 922 pbr.
1299 890 1328 915 et
1347 898 1382 914 m.
1396 888 1425 914 in
1445 889 1605 922 Lambach.]

575 933 746 964 Hainrieus
770 933 838 974 pbr.
858 936 889 963 et
912 943 980 964 can.
999 932 1038 963 de
1056 932 1092 963 S⁰
1109 932 1259 963 Floriano
1284 932 1339 963 cfr.
1357 943 1386 962 n.
1424 935 1560 962 Iohannes
1578 935 1669 962 dictus
1683 934 1784 961 Hirmin·
1802 935 1879 961 fami*3
1892 944 1919 961 n.

624 984 789 1010 submersus.
831 983 967 1009 Iohannes
990 983 1082 1009 dietus
1105 982 1196 1016 Hupfl
1222 982 1342 1008 villanus
1366 991 1392 1008 n.
1412 981 1501 1009 eciam
1525 982 1689 1009 submersus.
1732 981 1867 1008 Obierunt
1890 983 1919 1008 et

625 1026 674 1053 alii
696 1026 788 1053 fideles
809 1025 922 1054 Christi,
941 1035 961 1051 r.
977 1025 993 1052 i.
1009 1034 1034 1059 p.
1073 1025 1220 1051 Hainrieus
1239 1025 1272 1051 de
1292 1025 1475 1058 Batenpuech
1494 1025 1554 1058 pbr.
1569 1026 1597 1051 et
1616 1033 1674 1051 can.
1688 1024 1718 1050 in
1731 1024 1918 1050 Rannshoveu

625 1071 672 1096 cfr.
687 1079 711 1095 u.
750 1069 852 1096 Paulus
871 1068 963 1095 dictus
984 1068 1084 1094 Rieder
1103 1076 1181 1101 ppos.
1197 1068 1225 1093 in
1244 1068 1463 1099 Walthausen.²)

573 1113 746 1144 Hainrious
774 1113 843 1154 pbr.
867 1112 922 1143 cfr.
946 1123 975 1142 n.
1001 1111 1040 1143 de
1069 1111 1105 1142 SO
1126 1111 1287 1142 Floriano.
1337 1115 1390 1142 Hic
1417 1116 1512 1149 agitur
1539 1116 1640 1142 octava
1663 1116 1692 1141 et
1714 1114 1918 1142 comemoracio

626 1163 747 1189 omnium
772 1163 894 1189 fidelium
919 1163 1073 1188 animarum
1097 1170 1159 1187 cum
1183 1162 1280 1187 maiori
1302 1161 1409 1196 vigilia.
1447 1162 1477 1187 D.
1491 1161 1608 1188 Iacobus
1627 1162 1840 1195 Prawnsperger
1859 1169 1918 1186 cau.

625 1206 653 1231 in
668 1206 730 1232 Ror.
763 1206 793 1231 D.
806 1205 992 1239 VVolfgangus
1006 1203 1160 1231 Rodaxrner
1179 1213 1238 1230 cau.
1252 1205 1280 1230 in
1296 1204 1488 1231 Walthausen.
1526 1204 1580 1237 [Fr.
1592 1204 1752 1230 Leonardus
1766 1204 1837 1235 abb„
1858 1204 1918 1238 pbr.

625 1251 652 1275 et
676 1248 744 1281 prof.
763 1248 791 1273 iu
812 1248 999 1281 Forrnpacb.⁸)
1041 1247 1091 1274 Ob.
1110 1247 1274 1273 reverendus
1298 1247 1358 1280 pbr.
1377 1249 1406 1273 et
1428 1247 1460 1273 D.
1479 1247 1510 1273 D.
1528 1248 1643 1273 Ioannes
1662 1247 1815 1280 Heybeekh
1838 1256 1918 1281 ppos,

624 1291 652 1317 in
664 1291 754 1317 Suben
762 1292 782 1323 ⁴)
802 1293 831 1317 et
850 1291 881 1317 D.
895 1291 1060 1317 Colomanus
1074 1290 1171 1324 Singer
1190 1292 1218 1316 et
1238 1290 1267 1316 D.
1284 1290 1399 1316 loannes
1413 1290 1612 1324 Eugelprecht,
1632 1299 1725 1316 omnes
1744 1291 1817 1324 profi
1836 1290 1918 1316 monii

625 1333 726 1360 Suben.
764 1334 793 1359 D.
808 1333 955 1367 Gregorius
974 1333 1037 1358 abb.
1052 1333 1080 1358 in
1100 1333 1167 1358 Alta
1185 1332 1357 1365 Superiori&
1395 1333 1426 1359 D.
1441 1333 1586 1359 Florianus
1605 1333 1663 1366 pbr.
1677 1336 1706 1360 et
1724 1343 1759 1360 m.
1773 1333 1895 1366 ibidem]

576 1377 702 1408 Ulrieus
715 1377 943 1407 Holozhaimer
960 1377 1036 1407 civis
1059 1379 1091 1406 et
1116 1375 1213 1406 iudex
1226 1376 1428 1407 Pataviensis
1445 1380 1476 1407 et
1490 1377 1637 1408 Alhaidis
1653 1388 1706 1408 ux.
1721 1387 1787 1417 sua,
1811 1387 1830 1408 a
1849 1378 1918 1418 qui-

628 1429 685 1459 bus
708 1428 865 1459 habemus
891 1430 907 1458 3
922 1433 951 1458 lb.
975 1427 1166 1458 reddituum.
1217 1427 1391 1458 Andreas
1419 1428 1494 1469 pbr.
1518 1431 1555 1459 et
1582 1439 1659 1459 can.
1681 1428 1715 1459 Si
1738 1428 1917 1460 Floriani.

629 1479 763 1505 lohannes
777 1479 836 1512 pbr.
852 1481 880 1505 et
896 1488 956 1505 can.
971 1479 999 1504 in
1013 1478 1228 1511 Herczenburga
1242 1478 1288 1504 cfr.
1300 1487 1325 1504 n.
1360 1478 1570 1504 Bartholomeus
1584 1479 1643 1512 pbr.
1657 1480 1686 1505 et
1699 1487 1758 1505 can.
1773 1478 1801 1504 in
1815 1479 1919 1505 Ranus-

627 1522 716 1547 hoven
736 1522 783 1547 cfr.
798 1531 823 1547 11.
860 1521 1023 1548 chunradus
1042 1521 1113 1546 Stoll
1137 1520 1299 1546 domicellus
1325 1521 1436 1547 ibidem.
1474 1521 1527 1555 [Fr.
1542 1521 1689 1547 Udalricus
1708 1521 1837 1548 Schusler
1859 1522 1919 1556 pbr.

628 1566 655 1590 et
676 1574 710 1590 m.
725 1564 753 1590 in
772 1564 964 1597 Aldcrspach]

574 1608 735 1639 Iohannes
752 1608 892 1638 subdiac.
911 1611 943 1638 et
960 1618 1028 1638 ean.
1045 1607 1289 1639 NValthusensis.
1329 1608 1399 1638 Hie
1424 1610 1551 1650 agitur
1575 1609 1733 1640 anniv³¹¹⁵
1758 1610 1919 1640 omnium

626 1659 926 1690 Eehenchonner
953 1659 997 1690 de
1022 1658 1375 1697 Anezenchircheu.
1406 1659 1449 1690 de
1478 1671 1549 1701 quo
1579 1660 1643 1691 dat
1665 1671 1767 1702 ppos.
1785 1672 1813 1691 n.
1839 1661 1873 1702 ¹J2
1889 1666 1919 1691 ἢ.

628 1711 671 1742 (Ie
696 1710 869 1751 prediolo
893 1711 928 1740 in
953 1710 1215 1751 Vseyeldehen.
1262 1715 1294 1741 D.
1312 1715 1453 1742 Iohannes
1476 1716 1582 1742 Rinner
1605 1716 1666 1750 pbr.
1688 1718 1717 1743 et
1740 1725 1800 1743 ean.
1823 1717 1918 1743 Βερρο-

625 1761 735 1787 viensis.
778 1762 808 1787 D.
826 1761 948 1787 Andreas
969 1760 1104 1787 Lanckler
1128 1761 1187 1794 pbr.
1206 1760 1316 1786 laicalis
1340 1760 1451 1787 ibidem.
1493 1761 1524 1787 D.
1543 1761 1631 1787 Lucas
1650 1761 1788 1795 Gragman
1814 1762 1873 1796 pbr.
1892 1763 1920 1788 et

624 1804 692 1837 prof.
708 1804 734 1829 in
756 1804 949 1837 Hautnpuech.
986 1804 1016 1829 D.
1031 1803 1166 1830 Sebaldus
1185 1803 1245 1836 pbr.
1259 1805 1287 1829 et
1306 1804 1375 1836 prof.
1390 1804 1417 1829 in
1431 1803 1592 1830 Novacella.
1629 1804 1767 1831 Iohannes
1780 1805 1919 1831 Prewseu-

628 1855 727 1880 porger-
751 1847 810 1880 pbr.
829 1848 856 1873 et
882 1855 941 1872 cau.
960 1847 986 1872 in
1007 1846 1202 1872 Walthausen.
1244 1846 1304 1879 [Ob.
1319 1846 1349 1872 D.
1364 1846 1480 1872 Ioannes
1499 1846 1559 1880 pbr.
1577 1848 1606 1873 et
1625 1856 1684 1873 cau.
1702 1847 1728 1873 in
1750 1847 1916 1874 Ranshofen.

628 1890 670 1915 Fr.
686 1890 782 1916 Petrus
803 1889 861 1922 pbr.
876 1892 904 1915 et
923 1898 957 1915 m.
972 1889 999 1914 iu
1019 1889 1212 1922 Alderspach.}

577 1932 767 1964 Chuuradus
787 1932 856 1973 pbr.
871 1936 903 1963 et
919 1933 974 1963 cfr.
992 1943 1020 1963 n.
1039 1932 1079 1963 de
1096 1932 1277 1963 KValthusa.
1312 1931 1531 1963 Voriehtlibus
1548 1931 1725 1963 decimator
1742 1932 1781 1963 de
1798 1933 1918 1964 Aleho-

627 1995 702 2019 vom
720 1984 803 2014 uude
822 1984 977 2014 habemus
992 1984 1026 2023 ¹[2
1043 1989 1071 2013 u.
1086 1983 1269 2014 reddituum
1286 1984 1317 2013 in
1331 1982 1499 2023 Haybach.
1529 1983 1599 2013 Hic
1616 1984 1742 2025 agitur
1758 1985 1919 2015 annivius

628 2037 789 2065 omnium
814 2036 992 2066 comitum
1018 2035 1061 2066 de
1088 2034 1376 2065 Schonwerkch.
1423 2039 1582 2072 Stephanus
1606 2039 1639 2065 de
1655 2039 1792 2074 Velsperg
1813 2041 1873 2074 pbr.
1891 2042 1919 2067 et

628 2094 686 2111 cun.
706 2086 785 2111 Onu-1¹⁰
806 2086 831 2111 in
853 2086 1013 2118 Neu-burga,
1033 2085 1183 2111 Claustrali
1204 2085 1247 2110 ob.
1285 2085 1369 2117 [Mieh
1390 2105 1394 2109 .
1416 2105 1420 2110 .
1441 2105 1446 2110 .
1468 2086 1498 2116 .³)
1535 2085 1578 2111 Fr.
1591 2085 1684 2112 Sixtus
1709 2086 1768 2119 pbr.
1786 2088 1814 2112 et
1837 2096 1871 2112 111.
1890 2087 1919 2113 in

628 2129 693 2154 Alta
713 2128 862 2162 Superiori.
900 2129 930 2154 D.
946 2129 1026 2162 Hugo
1046 2128 1188 2154 Prurkuer
1207 2128 1267 2161 pbr.
1282 2128 1310 2153 et
1329 2136 1387 2153 can.
1403 2127 1428 2153 h.
1442 2128 1522 2153 monii
1541 2136 1582 2154 ao.
1597 2129 1704 2161 (14>41.]

577 2175 784 2206 Eberhardus
801 2176 870 2216 pbr.
888 2180 919 2207 et
937 2187 1005 2207 can.
1023 2176 1052 2206 h.
1071 2175 1170 2206 ocelle.
1211 2180 1349 2206 Iohannes
1366 2179 1399 2205 de
1416 2179 1568 2206 Novacella
1584 2181 1633 2206 cfr.
1646 2190 1674 2207 n.
1688 2181 1732 2207 ob.
1772 2181 1918 2215 Gerungus

628 2235 705 2260 ppos.
720 2227 754 2252 ad
768 2226 824 2252 Sum
843 2227 1017 2260 Ypolitum.¹³)
1050 2226 1088 2259 [b.
1102 2226 1210 2252 Marcus
1224 2226 1284 2259 pbr.
1298 2227 1326 2251 et
1340 2234 1400 2251 can.
1414 2226 1493 2251 mouii
1508 2225 1687 2253 Untenstorff.
1719 2227 1749 2253 D.
1761 2227 1918 2261 Stephanus

628 2269 688 2302 pbr.
702 2271 730 2295 et
750 2278 809 2295 can.
824 2269 852 2294 in
873 2269 1024 2302 Neuburga
1044 2268 1203 2294 claustrali.
1241 2267 1284 2293 Fr.
1299 2268 1414 2293 lacobus
1433 2268 1493 2300 pbr.
1508 2271 1536 2294 et
1554 2278 1589 2294 m.
1603 2269 1630 2294 in
1651 2269 1810 2303 Lambaelr]

576 2316 804 2357 Reiginbertus
828 2317 1029 2347 Pataviensis
1053 2316 1164 2357 epsfl),
1198 2316 1251 2356 qui
1276 2315 1365 2345 dedit
1393 2315 1473 2345 duas
1501 2316 1604 2346 ecclias
1627 2316 1863 2348 Hartchirchen
1888 2320 1920 2348 et

629 2367 849 2399 MunIchrewt.
902 2372 952 2398 Ob.
971 2373 1003 2398 D.
1021 2372 1160 2398 Iohannes
1184 2371 1382 2397 Perckhawser
1405 2379 1466 2397 can.
1488 2380 1520 2397 ac
1543 2371 1603 2405 pbr.
1626 2372 1799 2399 Chiemensis
1823 2374 1872 2399 cfr.
1890 2383 1918 2399 n.

630 2418 658 2443 iu
678 2419 799 2445 Austria.
842 2419 996 2451 [Odalricus
1021 2418 1080 2451 pbr.
1101 2422 1128 2443 et
1153 2426 1211 2443 can.
1230 2417 1265 2442 ad
1289 2417 1344 2442 Sum
1365 2416 1532 2443 Florianum.
1574 2418 1604 2443 D.
1619 2418 1790 2445 Cristofferus
1810 2419 1918 2445 Ruden-

630 2469 728 2494 perger
752 2461 810 2494 pbr.
832 2464 856 2487 et
884 2470 944 2487 cau.
963 2461 1044 2487 ecclic
1069 2459 1247 2486 Chiemensis
1293 2460 1323 2485 D.
1342 2459 1522 2493 Iheronyiuus
1547 2460 1659 2494 Dengck
1683 2461 1742 2494 pbr.
1763 2464 1791 2487 eb
1813 2470 1872 2488 ean.
1892 2461 1918 2487 iu

372 2572 394 2603 ἃ)
417 2572 486 2601 Quae
506 2572 603 2603 desunt,
623 2581 718 2597 rasura
739 2578 797 2597 sunt
815 2574 946 2598 exstincta.

376 2647 393 2678 1)
417 2646 465 2672 Ob.
483 2651 591 2673 a.1165.
711 2650 730 2680 2)
751 2648 795 2675 Ob.
809 2658 833 2674 a.
850 2654 918 2675 14⁶5.
1041 2649 1060 2678 3)
1083 2647 1128 2673 Ob.
1142 2656 1166 2672 ιι.
1180 2650 1245 2672 1501.
1373 2649 1391 2679 ³)
1416 2649 1460 2676 Ob.
1478 2658 1502 2675 a.
1516 2654 1582 2677 1509.
1707 2656 1727 2686 ⁵)
1751 2653 1796 2680 Ob.
1809 2660 1834 2677 c«.
1850 2656 1918 2678 1527.

228 2728 231 2730 .
272 2691 294 2719 ⁸)
313 2689 358 2715 Ob.
372 2698 397 2715 (ι.
412 2692 485 2715 1407.

591 2692 612 2717 ⁷)
636 2690 681 2717 ob.
695 2700 719 2716 (ι.
736 2695 806 2717 1145.
