2054 2948
189 149 236 175 VI.
250 148 305 175 kal.

202 446 236 473 V.
249 446 305 473 kal.

189 705 236 731 IV.
249 704 305 731 kal.

188 962 237 988 III.
251 961 306 987 kal.

199 1177 233 1202 ΙΙ.
248 1175 306 1202 kal.

248 1510 302 1536 kal.

194 1724 239 1750 iv.
253 1732 315 1750 nou.

134 1924 137 1925 .
186 1896 235 1921 ΙΙΙ.
250 1904 311 1922 nou.

202 2067 234 2092 ll.
249 2075 312 2093 non.

250 2246 312 2265 UOH-

350 149 392 174 27.

351 446 392 473 28.

352 961 393 987 30.

352 1176 393 1202 31.

704 63 970 90 NECROLOGIUM
988 63 1208 92 GARSTENSE.
1719 72 1780 102 349

437 148 488 175 Ob.
508 148 539 173 Di
558 148 733 180 Udalricus¹)
762 150 788 174 et
818 148 1016 182 Sigbraudus'2)
1045 149 1124 175 abbes
1152 151 1180 176 in
1201 151 1364 185 Tegernsee.
1414 152 1555 179 Erhardus
1584 154 1617 181 de
1644 155 1780 188 Augusta,

488 190 568 224 Hugo
595 190 628 216 de
655 190 766 216 Mellico
795 190 863 223 pbri.
910 191 1078 217 Benedictus
1106 192 1165 225 pbr.
1186 193 1219 219 de
1244 194 1362 220 Mansee.
1409 194 1595 229 Wolfgaugus
1620 196 1695 229 prior
1717 205 1779 223 n.c.

489 232 630 259 Candidus
654 233 712 266 pbr.
730 233 763 259 de
783 233 886 259 Altaeh
906 233 1039 260 inferiori.
1078 234 1181 260 Paulus
1206 237 1264 268 pbr.
1285 236 1312 261 in
1333 236 1494 269 Tegernsee.
1533 238 1700 265 Valentinus
1719 239 1779 272 pbr.

488 276 522 302 de
546 275 708 301 Formbach.
756 275 961 309 Exuperantius
985 276 1045 309 pbr.
1064 277 1098 303 de
1122 278 1226 304 Altach
1254 278 1387 304 Inferiori.
1438 279 1543 313 Caspar
1570 281 1629 314 pbr.
1649 282 1682 307 de
1710 282 1779 308 Attl.

487 318 661 344 Aemilianus
680 319 740 351 pbr.
759 318 794 343 ad
814 318 869 344 Sum
884 318 997 344 Petrum
1017 319 1182 353 Salisburgi.
1223 321 1397 347 Abrahamus
1416 322 1476 355 pbr.
1495 324 1523 348 et
1543 332 1598 349 sen.
1618 323 1646 349 in
1666 324 1779 350 Metten.

488 360 628 387 Romanus
658 361 716 394 pbr.
739 361 768 386 in
794 361 944 388 Lambach.
990 361 1164 388 Gotthardus
1188 364 1206 390 l.
1227 364 1260 390 de
1284 364 1432 390 Gottwico.
1478 365 1616 392 Matthias
1640 367 1700 400 pbr.
1719 376 1780 393 u.c.

488 404 520 429 D.
536 404 658 429 Adamus
677 403 741 430 abb.
755 403 782 429 iu
803 403 1035 435 Seittenstettnfl)
1072 404 1208 440 Georgius
1228 406 1287 440 pbr.
1302 406 1328 432 iu
1351 407 1592 434 Raitteuhaslach.

439 446 489 473 Ob.
503 446 534 472 D.
549 446 683 472 Heuricus
704 446 736 472 de
750 446 914 479 Tegei-usee.
933 447 997 473 abb.
1011 447 1039 473 in
1059 447 1091 474 So
1106 448 1292 481 Benedictof)
1325 450 1492 476 Benedictus
1511 452 1540 477 et
1559 451 1701 477 Conradus
1720 451 1780 485 pbri

489 490 522 515 de
541 489 750 516 Seittenstettn.
786 489 923 516 Antonius
944 490 1003 523 pbr.
1018 491 1051 517 de
1070 492 1206 524 Augusta.
1247 492 1276 517 D.
1293 493 1479 525 wolfgangus
1498 502 1576 527 ppos
1591 494 1618 519 in
1638 494 1781 520 Reichers-

487 534 588 566 perg.⁵)
633 532 771 558 Matthias
799 533 890 558 novius
913 533 1025 559 ibidem.
1071 534 1231 560 Ambrosius
1255 535 1314 568 pbr.
1340 535 1373 562 de
1394 535 1556 568 Tegernsee.
1601 536 1781 563 Sebastianus

487 575 547 609 pbr.
562 575 590 601 in
607 575 816 609 Reichersperg.
848 575 985 609 Casparus
1005 577 1065 610 pbr.
1079 577 1112 603 de
1133 577 1375 611 Closterneuburg.
1406 578 1543 604 Martinus
1556 579 1616 612 pbr.
1636 579 1670 605 de
1684 579 1781 606 Petu-n.

486 618 607 644 Michael
632 618 707 652 prior
726 618 761 643 ad
786 618 868 644 Sorum
889 619 1013 645 Udalrici
1038 621 1066 646 et
1089 620 1189 647 Affrae.
1228 620 1385 647 Leonardus
1406 621 1466 654 pbr.
1483 621 1518 647 ad
1542 621 1599 647 Sum
1613 621 1780 648 Florianum.

487 661 677 687 Enimeramus
696 661 755 694 pbr.
771 661 798 687 in
819 660 959 696 Priffling.

438 704 489 731 Ob.
510 704 631 730 Thomas
651 704 711 737 pbr.
733 704 766 730 de
786 704 908 731 Mansee.
945 705 976 730 D.
997 705 1163 731 Benedictus
1182 705 1246 731 abb.
1265 706 1297 732 de
1318 706 1559 739 Cremsminsterss)
1595 706 1781 740 Hieronymus

488 747 547 780 pbr.
562 747 589 772 in
604 747 767 780 Tegernsee.
806 747 903 773 Victor
922 756 987 775 acc..
1008 748 1163 780 Leopoldus
1183 757 1223 774 ον.
1238 749 1271 775 de
1287 749 1389 774 Altach
1403 749 1539 775 Inferiori.
1575 749 1692 776 Ioannes
1706 749 1781 783 prior

486 790 519 816 de
539 790 643 816 Altacb
662 789 814 823 Superiori.
851 790 893 816 Fr.
914 791 1028 816 loannes
1047 791 1081 817 de
1100 792 1236 825 Augusta.
1274 792 1409 825 Georgius
1430 792 1488 825 pbr.
1502 801 1526 818 n.
1542 801 1564 818 c.
1602 792 1700 818 Petrus
1720 793 1780 826 pbr.

487 833 520 858 de
541 832 643 858 Altach
662 832 814 866 Superiori.
852 833 994 860 Marianus
1018 834 1077 867 pbr.
1096 834 1125 859 iu
1144 834 1253 861 Gleiuk.
1300 835 1461 861 Franciscus
1480 836 1540 869 pbr.
1560 835 1588 861 iu
1607 835 1685 862 Seon.
1722 836 1779 862 Mo-

486 876 581 902 destus
601 876 661 909 pbr.
676 876 710 902 de
725 876 827 902 Altach
842 876 976 902 luserim-i.
1007 877 1188 903 Marcellinus
1207 877 1267 910 pbr.
1283 877 1315 903 de
1332 877 1499 912 Baumburg.
1530 878 1700 905 Wilibaldus
1719 879 1779 912 pbr.

487 918 522 944 ad
541 918 637 944 Scotos
656 918 789 945 Viennae.

440 961 489 987 Ob.
508 961 540 987 D.
559 961 734 987 Christianus
753 962 819 987 olim
847 962 910 988 abb.
930 962 957 988 in
981 962 1126 993 Meuia-05)
1172 963 1307 988 Heuricus
1332 963 1391 996 pbr.
1410 963 1442 989 de
1463 964 1598 997 Augusta.
1643 964 1780 990 Martinus

486 1004 545 1038 pbr.
565 1014 590 1030 n.
609 1014 630 1030 c.
678 1005 809 1030 Placidus
829 1005 888 1038 pbr.
909 1005 942 1031 de
962 1005 1081 1031 Mausee.
1119 1005 1254 1039 Georgius
1277 1005 1336 1031 dec.
1354 1005 1383 1031 in
1403 1006 1552 1032 Chiexnsee.
1590 1006 1621 1032 D.
1636 1006 1780 1033 Oswaldus

487 1047 549 1073 abb.
570 1046 598 1072 in
618 1047 757 1079 Mette11.⁶>
800 1047 968 1081 Pangratius
991 1047 1051 1080 pbr.
1070 1056 1095 1072 u.
1116 1056 1137 1073 c.
1183 1047 1362 1074 Innocentius
1385 1049 1444 1082 pbr.
1463 1049 1495 1074 de
1520 1049 1622 1075 Altaeh
1647 1049 1780 1076 Inferiori.

488 1090 628 1123 Rupertus
647 1098 688 1116 CV.
703 1090 736 1116 de
750 1089 870 1116 Mellico.
902 1090 1060 1116 Leonardus
1075 1090 1132 1123 pbr.
1148 1091 1176 1116 in
1191 1091 1266 1117 Rott.
1299 1091 1444 1117 Anselmus
1462 1092 1521 1125 pbr.
1535 1102 1560 1118 n.
1574 1093 1621 1123 αθ)
1654 1091 1779 1118 Victoria

484 1132 668 1166 subpriorissa.
687 1132 715 1158 in
736 1132 894 1166 Niilerburg
913 1133 1048 1158 Passavii.

439 1175 489 1201 Ob.
509 1175 677 1201 Gundacker
696 1175 728 1201 de
750 1175 912 1202 Losenstain
937 1178 965 1202 et
994 1178 1072 1202 Anna
1096 1185 1140 1202 ux.
1159 1176 1227 1206 eius,
1248 1176 1437 1203 leues-actores
1458 1178 1491 1204 ni.
1534 1177 1667 1204 Nicolaus
1686 1186 1727 1204 cv.
1746 1178 1779 1204 de

487 1218 608 1245 Mellico.
646 1218 813 1249 Leonardus,
835 1219 950 1244 Ioannes
970 1221 998 1245 et
1018 1210 1116 1245 Petrus·
1136 1219 1197 1252 pbri
1216 1219 1248 1245 de
1269 1220 1486 1246 Crenisminster.
1519 1221 1653 1254 Georgius
1672 1221 1730 1254 pbr.
1747 1221 1779 1247 de

486 1261 606 1288 Mausee.
644 1262 761 1288 Iacobus
781 1262 840 1295 pbr.
856 1262 888 1288 de
910 1262 1012 1288 Altach
1027 1262 1175 1296 Superiori.
1207 1262 1388 1289 wenceslaus
1406 1263 1466 1296 pbr.
1482 1272 1507 1288 u.
1518 1272 1540 1289 c.
1578 1263 1700 1290 Marinus
1720 1264 1780 1297 pbr.

487 1305 514 1331 in
536 1305 612 1332 Ruti.
650 1305 780 1332 Placidus
800 1305 860 1338 pbr.
876 1306 902 1331 in
924 1305 992 1332 Atti.
1032 1306 1189 1332 Enlmundus
1209 1306 1268 1339 pbr.
1284 1306 1311 1331 in
1331 1306 1553 1332 Seittenstetten.

816 1429 1084 1464 AUGUSTUS.

437 1509 486 1535 Ob.
503 1510 619 1535 loannes
635 1518 674 1535 cv.
690 1510 717 1536 in
732 1510 896 1544 Tegerusee.
932 1511 1049 1536 Ioannes
1069 1511 1128 1544 pbr.
1143 1511 1176 1537 de
1190 1511 1309 1537 Mellico.
1341 1511 1512 1545 Augustinus
1533 1511 1608 1545 prior
1626 1511 1658 1537 de
1679 1511 1780 1537 Ait-ach

486 1553 634 1586 Superiori.
680 1553 800 1580 Michael
829 1554 958 1587 supprior
991 1554 1024 1579 ‹le
1059 1554 1221 1580 Hatisbona.
1276 1554 1444 1580 Benedictus
1475 1554 1533 1588 pbr.
1557 1554 1584 1579 in
1617 1554 1779 1587 Tegei-usse.

487 1596 660 1629 Augustinus
679 1596 738 1630 pbr.
758 1596 786 1622 in
808 1597 921 1623 Metten.
958 1597 1093 1630 Georgius
1114 1597 1172 1631 pbr.
1193 1597 1221 1622 iu
1243 1597 1470 1623 Ilottenliaslacli.
1507 1597 1656 1631 Gregorius
1674 1597 1731 1630 pbr.
1751 1597 1779 1623 in

486 1638 672 1665 Mullerstorff.
710 1639 831 1665 Micliael
852 1640 911 1673 pbr.
926 1639 953 1665 in
973 1640 1088 1666 Metteu.
1130 1640 1264 1674 Iosephus
1288 1640 1347 1673 pbr.
1365 1640 1392 1666 iu
1413 1640 1605 1666 Nideraltacb.
1646 1640 1726 1666 Anna
1751 1642 1779 1666 et

485 1681 573 1707 Maria
593 1681 766 1708 Scholastica
786 1684 860 1716 pros*3
880 1683 907 1708 in
928 1683 1061 1709 Kiebach.

439 1724 489 1750 Ob.
505 1725 660 1750 Bernardus
680 1726 747 1758 pbr.‚
766 1725 831 1751 oliui
851 1726 927 1759 prior
946 1726 973 1751 in
994 1726 1157 1759 Tegernsee.
1190 1726 1305 1752 loannes
1324 1725 1357 1751 de
1377 1725 1593 1755 Cremsminster,
1615 1725 1779 1751 Laurentius

487 1767 520 1794 de
541 1767 617 1794 Cella
637 1768 743 1793 Mariae
764 1768 831 1801 pbri.
863 1767 998 1800 Aegidius
1018 1768 1077 1801 pbr.
1091 1768 1123 1794 de
1137 1768 1258 1794 Mansee.
1291 1768 1406 1793 loannes
1425 1768 1484 1801 pbr.
1498 1768 1531 1793 de
1551 1768 1649 1793 Mettn.
1680 1768 1779 1794 Auian-

488 1810 537 1835 dus
558 1813 585 1836 et
606 1811 686 1836 Vitus
706 1811 766 1844 pbri
785 1811 820 1836 ad
840 1812 896 1836 Sum
912 1811 1022 1837 Petrum
1038 1811 1200 1845 Salisburgi.
1238 1811 1268 1836 D.
1286 1811 1452 1837 Benedictus
1472 1811 1534 1836 abb.
1548 1810 1576 1836 in
1590 1810 1778 1844 Altenlmrg.⁹)

487 1853 647 1880 Mansretus
668 1854 743 1886 prior
764 1854 795 1879 [le
818 1854 918 1879 Altach
938 1854 1072 1880 Inferiori.
1111 1854 1252 1879 Amandus
1272 1854 1331 1887 pbr.
1347 1853 1375 1879 in
1398 1853 1537 1887 Priffling.

436 1895 485 1921 Ob.
499 1895 660 1922 Leonardus
680 1905 719 1922 cv.
740 1897 773 1922 de
795 1897 915 1923 Mellico.
953 1896 1112 1929 Pyrminius
1131 1896 1164 1922 de
1185 1896 1287 1922 Altach
1308 1896 1445 1925 Inferiori‚
1468 1896 1612 1922 lrinfridus
1632 1905 1656 1922 n.
1671 1905 1692 1922 c.
1710 1896 1777 1929 pbri.

485 1938 620 1972 Georgius
642 1939 700 1972 pbr.
715 1948 747 1965 ex
769 1939 978 1972 Reichersperg.
1012 1940 1169 1965 Leonardus
1189 1939 1240 1972 pbr
1261 1939 1336 1972 apud
1356 1938 1411 1963 Sum
1425 1939 1612 1965 Lanibertuin.
1650 1938 1779 1964 Placidus

486 1981 545 2015 pbr.
567 1981 600 2008 de
624 1982 746 2008 Mellieo.
785 1982 892 2008 Iuliana
918 1983 1025 2008 smonliS
1049 1983 1077 2008 in
1102 1982 1317 2009 Hochenwarth.
1359 1982 1520 2008 Franciscus
1546 1982 1604 2016 pbr.
1623 1982 1651 2007 in
1675 1981 1779 2008 Creins-

486 2023 611 2050 minster.
649 2024 743 2050 Beuno
764 2025 832 2058 prof.
847 2025 875 2050 iu
894 2025 1062 2058 Bauinburg.

438 2066 642 2093 ObConradus
662 2067 721 2100 pbr.
736 2068 769 2093 de
790 2067 858 2093 Atti.
892 2068 968 2094 L'tilo
988 2067 1048 2101 pbr.
1062 2068 1095 2094 de
1115 2067 1216 2094 Altacb
1238 2067 1369 2093 Inferiori.
1401 2067 1531 2093 Albertus
1551 2067 1609 2101 pbr.
1623 2067 1657 2093 de
1677 2066 1779 2092 Altach

486 2109 634 2143 Superiori.
684 2110 797 2136 Ioannes
826 2110 884 2143 pbr.
904 2113 933 2137 et
961 2119 1125 2137 oeconomus
1153 2110 1182 2136 in
1209 2110 1322 2137 Metteu.
1369 2110 1510 2136 Conradus
1535 2111 1594 2143 pbr.
1616 2109 1644 2135 in
1669 2109 1778 2136 Gleink.

487 2152 596 2178 Blasius
617 2162 658 2179 cv.
678 2153 705 2178 in
727 2152 943 2180 Cremsminster.
980 2153 1119 2181 Urbanus.
1139 2153 1299 2179 Edmundus
1318 2162 1333 2179 a
1354 2153 1479 2180 Tartaris
1499 2153 1647 2179 crudeliter
1665 2152 1779 2179 occisus.

487 2195 668 2226 Coelestinus,
690 2196 853 2226 Bernardus,
873 2197 1034 2222 Matthaeus
1054 2197 1113 2230 pbri
1134 2197 1166 2223 de
1186 2196 1332 2222 Gottwico.

436 2238 486 2264 Ob.
506 2238 683 2265 Leonbardus
702 2248 743 2265 cv.
761 2239 790 2265 in
809 2239 972 2273 Tegernsee.
1012 2240 1042 2266 D.
1058 2240 1173 2266 Ioannes
1193 2239 1302 2271 abb.¹⁰)v
1323 2240 1508 2273 Wolfgangus
1529 2239 1588 2272 pbr.
1606 2238 1638 2264 de
1659 2237 1778 2263 Mellico.

485 2281 669 2314 Hieronymus
689 2281 748 2315 pbr.
763 2291 789 2307 n.
805 2291 827 2308 c.
866 2283 964 2308 Petrus
983 2282 1016 2309 de
1036 2283 1156 2312 Mansee,
1176 2283 1336 2308 Ambrosius
1356 2283 1389 2308 de
1409 2282 1564 2315 Tegerusee
1584 2281 1651 2314 pbri.
1688 2280 1778 2306 Aemi-

486 2324 578 2350 lianus
598 2325 657 2358 pbr.
678 2325 712 2350 ad
733 2324 789 2350 Sum
803 2325 963 2353 Martinum.
984 2326 1050 2358 prof.
1072 2325 1101 2351 in
1121 2326 1203 2351 Sacro
1223 2326 1316 2352 Monte
1338 2325 1504 2351 Pannoniae.
1543 2325 1657 2349 loannes
1678 2324 1735 2356 pbr.
1751 2325 1778 2349 et

487 2375 541 2393 seu.
563 2368 590 2393 in
611 2367 731 2393 Monsee.
768 2368 908 2393 Erhardus
930 2368 987 2401 pbr.
1002 2368 1030 2393 in
1050 2368 1242 2394 Nideraltach.

227 2500 250 2531 ⁸)
271 2500 304 2524 In
322 2509 404 2533 mary.
418 2501 480 2525 adel.
495 2502 509 2531 ἦ·
519 2500 593 2526 1663.

230 2593 249 2624 ¹)
270 2593 306 2618 H.
320 2601 347 2620 n.
358 2593 406 2625 11„
424 2593 463 2619 ob.
477 2602 502 2620 τι.
514 2597 581 2620 1261.
724 2595 745 2625 ²)
768 2593 813 2619 ob.
828 2603 852 2619 n.
868 2597 940 2620 1341‘.
1084 2595 1103 2625 ³)
1125 2594 1170 2620 Ob.
1185 2603 1209 2619 α.
1222 2597 1290 2619 167⁹.
1433 2594 1452 2625 4)
1468 2593 1490 2618 I.
1504 2602 1523 2619 c.
1545 2592 1775 2618 Benedictbenern.

128 2635 149 2667 ⁵)
169 2634 206 2660 H.
218 2643 244 2661 τι.
257 2635 298 2662 II.
313 2635 416 2662 ridetur
435 2644 495 2668 esse,
515 2637 562 2669 qui
581 2637 618 2662 ob.
633 2646 654 2663 c.
669 2646 693 2662 a.
706 2640 778 2662 1582.
887 2638 906 2668 ⁸)
931 2637 976 2662 Ob.
991 2646 1015 2663 a.
1028 2640 1099 2663 1483.
1210 2638 1231 2669 ⁷)
1252 2636 1296 2662 Ob.
1311 2644 1335 2662 ct.
1348 2640 1418 2662 1451.
1536 2637 1556 2667 ³)
1577 2635 1613 2661 H.
1629 2643 1654 2661 n,
1667 2634 1718 2665 IL,
1737 2635 1774 2659 οἱ».

127 2685 152 2703 (ι.
164 2681 236 2704 1569.

344 2680 362 2711 ⁹)
388 2678 432 2705 Ob.
446 2683 553 2706 a.1658.
663 2681 694 2711 l⁰)
716 2679 751 2705 H.
767 2688 792 2706 η..
811 2679 847 2711 V..
867 2679 905 2705 oh.
919 2689 944 2706 a.
957 2684 1028 2706 1504.
