<?xml version="1.0" encoding="UTF-8"?>
<!DOCTYPE html PUBLIC "-//W3C//DTD XHTML 1.0 Transitional//EN"
    "http://www.w3.org/TR/xhtml1/DTD/xhtml1-transitional.dtd">
<html xmlns="http://www.w3.org/1999/xhtml" xml:lang="en" lang="en">
 <head>
  <title>
</title>
<meta http-equiv="Content-Type" content="text/html;charset=utf-8" />
  <meta name='ocr-system' content='tesseract 3.04.00' />
  <meta name='ocr-capabilities' content='ocr_page ocr_carea ocr_par ocr_line ocrx_word'/>
</head>
<body>
  <div class='ocr_page' id='page_1' title='image "./monumentagenecro04geseuoft_0482.png"; bbox 0 0 2054 2948; ppageno 0'>
   <div class='ocr_carea' id='block_1_1' title="bbox 270 112 542 2501">
    <p class='ocr_par' dir='ltr' id='par_1_1' title="bbox 270 112 542 2501">
     <span class='ocr_line' id='line_1_1' title="bbox 270 112 331 141; baseline 0 0"><span class='ocrx_word' id='word_1_1' title='bbox 270 112 331 141; x_wconf 78' lang='lat'><strong>466</strong></span> 
     </span>
     <span class='ocr_line' id='line_1_2' title="bbox 328 196 531 224; baseline -0.015 0"><span class='ocrx_word' id='word_1_2' title='bbox 328 198 374 224; x_wconf 82' lang='lat' dir='ltr'><strong>VI.</strong></span> <span class='ocrx_word' id='word_1_3' title='bbox 388 197 424 223; x_wconf 82' lang='lat' dir='ltr'><strong>id.</strong></span> <span class='ocrx_word' id='word_1_4' title='bbox 507 196 531 222; x_wconf 83' lang='grc'><strong>8.</strong></span> 
     </span>
     <span class='ocr_line' id='line_1_3' title="bbox 343 345 532 373; baseline -0.011 0"><span class='ocrx_word' id='word_1_5' title='bbox 343 347 374 373; x_wconf 89' lang='lat' dir='ltr'><strong>V.</strong></span> <span class='ocrx_word' id='word_1_6' title='bbox 389 347 426 373; x_wconf 81' lang='lat' dir='ltr'><strong>id.</strong></span> <span class='ocrx_word' id='word_1_7' title='bbox 508 345 532 371; x_wconf 84' lang='lat'><strong>9.</strong></span> 
     </span>
     <span class='ocr_line' id='line_1_4' title="bbox 330 503 533 530; baseline 0 -1"><span class='ocrx_word' id='word_1_8' title='bbox 330 504 376 530; x_wconf 88' lang='lat' dir='ltr'><strong>IV.</strong></span> <span class='ocrx_word' id='word_1_9' title='bbox 391 503 427 529; x_wconf 91' lang='lat' dir='ltr'><strong>id.</strong></span> <span class='ocrx_word' id='word_1_10' title='bbox 493 503 533 530; x_wconf 90' lang='lat'><strong>10.</strong></span> 
     </span>
     <span class='ocr_line' id='line_1_5' title="bbox 327 662 532 690; baseline -0.015 0"><span class='ocrx_word' id='word_1_11' title='bbox 327 664 374 690; x_wconf 95' lang='lat' dir='ltr'><strong>III.</strong></span> <span class='ocrx_word' id='word_1_12' title='bbox 388 662 424 688; x_wconf 88' lang='lat' dir='ltr'><strong>id.</strong></span> <span class='ocrx_word' id='word_1_13' title='bbox 490 662 532 688; x_wconf 94' lang='grc'><strong>11.</strong></span> 
     </span>
     <span class='ocr_line' id='line_1_6' title="bbox 346 973 536 1000; baseline -0.005 -1"><span class='ocrx_word' id='word_1_14' title='bbox 346 974 378 1000; x_wconf 91' lang='lat' dir='ltr'><strong>II.</strong></span> <span class='ocrx_word' id='word_1_15' title='bbox 392 973 428 1000; x_wconf 84' lang='lat' dir='ltr'><strong>id.</strong></span> <span class='ocrx_word' id='word_1_16' title='bbox 497 973 536 998; x_wconf 81' lang='lat'><strong>12.</strong></span> 
     </span>
     <span class='ocr_line' id='line_1_7' title="bbox 393 1131 538 1158; baseline -0.014 0"><span class='ocrx_word' id='word_1_17' title='bbox 393 1131 429 1158; x_wconf 88' lang='lat' dir='ltr'><strong>id.</strong></span> <span class='ocrx_word' id='word_1_18' title='bbox 498 1131 538 1157; x_wconf 86' lang='lat'><strong>13.</strong></span> 
     </span>
     <span class='ocr_line' id='line_1_8' title="bbox 273 1391 534 1418; baseline -0.008 0"><span class='ocrx_word' id='word_1_19' title='bbox 273 1392 374 1418; x_wconf 84' lang='lat' dir='ltr'><strong>XVIII.</strong></span> <span class='ocrx_word' id='word_1_20' title='bbox 389 1391 445 1418; x_wconf 81' lang='lat' dir='ltr'><strong>kal.</strong></span> <span class='ocrx_word' id='word_1_21' title='bbox 495 1391 534 1417; x_wconf 77' lang='lat'><strong>14.</strong></span> 
     </span>
     <span class='ocr_line' id='line_1_9' title="bbox 298 1498 541 1526; baseline -0.008 0"><span class='ocrx_word' id='word_1_22' title='bbox 298 1500 382 1526; x_wconf 87' lang='lat' dir='ltr'>XVII.</span> <span class='ocrx_word' id='word_1_23' title='bbox 395 1499 452 1525; x_wconf 81' lang='lat' dir='ltr'><strong>kal.</strong></span> <span class='ocrx_word' id='word_1_24' title='bbox 501 1498 541 1524; x_wconf 84' lang='lat'><strong>15.</strong></span> 
     </span>
     <span class='ocr_line' id='line_1_10' title="bbox 306 1655 537 1681; baseline -0.004 0"><span class='ocrx_word' id='word_1_25' title='bbox 306 1656 380 1681; x_wconf 85' lang='lat' dir='ltr'>XVI.</span> <span class='ocrx_word' id='word_1_26' title='bbox 394 1655 451 1681; x_wconf 80' lang='lat' dir='ltr'><strong>kal.</strong></span> <span class='ocrx_word' id='word_1_27' title='bbox 499 1655 537 1680; x_wconf 78' lang='lat'><strong>16.</strong></span> 
     </span>
     <span class='ocr_line' id='line_1_11' title="bbox 320 1855 537 1882; baseline 0 -1"><span class='ocrx_word' id='word_1_28' title='bbox 320 1856 378 1882; x_wconf 87' lang='lat' dir='ltr'><strong>XV.</strong></span> <span class='ocrx_word' id='word_1_29' title='bbox 393 1855 448 1882; x_wconf 86' lang='lat' dir='ltr'><strong>kal.</strong></span> <span class='ocrx_word' id='word_1_30' title='bbox 498 1856 537 1882; x_wconf 88' lang='lat'><strong>17.</strong></span> 
     </span>
     <span class='ocr_line' id='line_1_12' title="bbox 310 2013 540 2040; baseline 0.004 -2"><span class='ocrx_word' id='word_1_31' title='bbox 310 2013 383 2039; x_wconf 86' lang='lat' dir='ltr'><strong>XIV.</strong></span> <span class='ocrx_word' id='word_1_32' title='bbox 398 2013 453 2039; x_wconf 80' lang='lat' dir='ltr'><strong>kal.</strong></span> <span class='ocrx_word' id='word_1_33' title='bbox 501 2015 540 2040; x_wconf 72' lang='lat'><strong>18.</strong></span> 
     </span>
     <span class='ocr_line' id='line_1_13' title="bbox 307 2119 539 2146; baseline 0.009 -2"><span class='ocrx_word' id='word_1_34' title='bbox 307 2119 380 2144; x_wconf 81' lang='lat' dir='ltr'><strong>XIII.</strong></span> <span class='ocrx_word' id='word_1_35' title='bbox 395 2119 450 2145; x_wconf 81' lang='lat' dir='ltr'><strong>kal.</strong></span> <span class='ocrx_word' id='word_1_36' title='bbox 501 2121 539 2146; x_wconf 83' lang='lat'><strong>19.</strong></span> 
     </span>
     <span class='ocr_line' id='line_1_14' title="bbox 328 2420 542 2447; baseline 0.009 -2"><span class='ocrx_word' id='word_1_37' title='bbox 328 2420 388 2445; x_wconf 83' lang='lat' dir='ltr'><strong>XII.</strong></span> <span class='ocrx_word' id='word_1_38' title='bbox 403 2421 456 2446; x_wconf 77' lang='lat' dir='ltr'><strong>kal.</strong></span> <span class='ocrx_word' id='word_1_39' title='bbox 501 2422 542 2447; x_wconf 75' lang='lat'><strong>20.</strong></span> 
     </span>
     <span class='ocr_line' id='line_1_15' title="bbox 339 2475 540 2501; baseline 0.005 -1"><span class='ocrx_word' id='word_1_40' title='bbox 339 2475 384 2500; x_wconf 86' lang='lat' dir='ltr'><strong>XI.</strong></span> <span class='ocrx_word' id='word_1_41' title='bbox 399 2475 454 2501; x_wconf 80' lang='lat' dir='ltr'><strong>kal.</strong></span> <span class='ocrx_word' id='word_1_42' title='bbox 500 2477 540 2501; x_wconf 83' lang='lat'><strong>21.</strong></span> 
     </span>
    </p>
   </div>
   <div class='ocr_carea' id='block_1_2' title="bbox 884 100 1307 129">
    <p class='ocr_par' dir='ltr' id='par_1_2' title="bbox 884 100 1307 129">
     <span class='ocr_line' id='line_1_16' title="bbox 884 100 1307 129; baseline -0.005 0"><span class='ocrx_word' id='word_1_43' title='bbox 884 101 1066 129; x_wconf 83' lang='lat' dir='ltr'><strong>DIOECESIS</strong></span> <span class='ocrx_word' id='word_1_44' title='bbox 1085 100 1307 128; x_wconf 85' lang='lat' dir='ltr'><strong>LENTIENSIS.</strong></span> 
     </span>
    </p>
   </div>
   <div class='ocr_carea' id='block_1_3' title="bbox 577 184 1923 230">
    <p class='ocr_par' dir='ltr' id='par_1_3' title="bbox 577 184 1923 230">
     <span class='ocr_line' id='line_1_17' title="bbox 577 184 1923 230; baseline -0.004 -8"><span class='ocrx_word' id='word_1_45' title='bbox 577 190 772 222; x_wconf 81' lang='lat' dir='ltr'>Fridricus</span> <span class='ocrx_word' id='word_1_46' title='bbox 795 200 846 221; x_wconf 78' lang='lat' dir='ltr'><strong>cv.</strong></span> <span class='ocrx_word' id='word_1_47' title='bbox 897 189 1008 230; x_wconf 88' lang='lat' dir='ltr'>Hugo</span> <span class='ocrx_word' id='word_1_48' title='bbox 1033 199 1083 219; x_wconf 82' lang='lat' dir='ltr'><strong>cv.</strong></span> <span class='ocrx_word' id='word_1_49' title='bbox 1135 188 1323 219; x_wconf 83' lang='lat' dir='ltr'><strong>Henricus</strong></span> <span class='ocrx_word' id='word_1_50' title='bbox 1347 197 1420 217; x_wconf 84' lang='lat' dir='ltr'><strong>sac.</strong></span> <span class='ocrx_word' id='word_1_51' title='bbox 1471 185 1722 216; x_wconf 83' lang='lat' dir='ltr'><strong>Hermannus.</strong></span> <span class='ocrx_word' id='word_1_52' title='bbox 1770 184 1923 217; x_wconf 85' lang='lat' dir='ltr'><strong>Albero.</strong></span> 
     </span>
    </p>
   </div>
   <div class='ocr_carea' id='block_1_4' title="bbox 628 236 1920 325">
    <p class='ocr_par' dir='ltr' id='par_1_4' title="bbox 628 236 1920 325">
     <span class='ocr_line' id='line_1_18' title="bbox 628 236 1920 283; baseline -0.004 -11"><span class='ocrx_word' id='word_1_53' title='bbox 628 241 826 283; x_wconf 64' lang='lat' dir='ltr'><strong>Elyzabefi.</strong></span> <span class='ocrx_word' id='word_1_54' title='bbox 864 240 1081 271; x_wconf 80' lang='lat' dir='ltr'>Dietmarus</span> <span class='ocrx_word' id='word_1_55' title='bbox 1097 239 1141 270; x_wconf 82' lang='lat' dir='ltr'><strong>de</strong></span> <span class='ocrx_word' id='word_1_56' title='bbox 1160 238 1350 270; x_wconf 81' lang='lat' dir='ltr'><strong>Alardorf.</strong></span> <span class='ocrx_word' id='word_1_57' title='bbox 1385 236 1538 268; x_wconf 82' lang='lat' dir='ltr'><strong>Riehza.</strong></span> <span class='ocrx_word' id='word_1_58' title='bbox 1573 236 1802 277; x_wconf 83' lang='lat' dir='ltr'><strong>Perngerus.</strong></span> <span class='ocrx_word' id='word_1_59' title='bbox 1834 241 1920 268; x_wconf 82' lang='lat' dir='ltr'>Leon-</span> 
     </span>
     <span class='ocr_line' id='line_1_19' title="bbox 632 287 1378 325; baseline -0.007 -7"><span class='ocrx_word' id='word_1_60' title='bbox 632 292 733 318; x_wconf 82' lang='lat' dir='ltr'>hardus</span> <span class='ocrx_word' id='word_1_61' title='bbox 752 291 873 318; x_wconf 82' lang='lat' dir='ltr'>Meindel</span> <span class='ocrx_word' id='word_1_62' title='bbox 893 290 1026 325; x_wconf 78' lang='lat' dir='ltr'><strong>magister</strong></span> <span class='ocrx_word' id='word_1_63' title='bbox 1045 289 1120 316; x_wconf 87' lang='lat' dir='ltr'>curie</span> <span class='ocrx_word' id='word_1_64' title='bbox 1139 289 1167 315; x_wconf 88' lang='lat' dir='ltr'><strong>in</strong></span> <span class='ocrx_word' id='word_1_65' title='bbox 1187 287 1378 321; x_wconf 79' lang='lat' dir='ltr'><strong>Newnburgk.</strong></span> 
     </span>
    </p>
   </div>
   <div class='ocr_carea' id='block_1_5' title="bbox 578 334 1923 379">
    <p class='ocr_par' dir='ltr' id='par_1_5' title="bbox 578 334 1923 379">
     <span class='ocr_line' id='line_1_20' title="bbox 578 334 1923 379; baseline -0.004 -8"><span class='ocrx_word' id='word_1_66' title='bbox 578 340 738 371; x_wconf 82' lang='lat' dir='ltr'><strong>Iohannes</strong></span> <span class='ocrx_word' id='word_1_67' title='bbox 762 338 881 379; x_wconf 74' lang='lat' dir='ltr'><strong>Peyerl</strong></span> <span class='ocrx_word' id='word_1_68' title='bbox 905 348 947 370; x_wconf 90' lang='lat' dir='ltr'><strong>m.</strong></span> <span class='ocrx_word' id='word_1_69' title='bbox 964 341 996 368; x_wconf 80' lang='lat' dir='ltr'><strong>et</strong></span> <span class='ocrx_word' id='word_1_70' title='bbox 1012 348 1074 368; x_wconf 82' lang='lat' dir='ltr'><strong>sae.</strong></span> <span class='ocrx_word' id='word_1_71' title='bbox 1103 339 1193 368; x_wconf 81' lang='lat'><strong>1467.</strong></span> <span class='ocrx_word' id='word_1_72' title='bbox 1239 336 1431 367; x_wconf 83' lang='lat' dir='ltr'><strong>Henricus</strong></span> <span class='ocrx_word' id='word_1_73' title='bbox 1455 345 1496 366; x_wconf 89' lang='lat' dir='ltr'><strong>m.</strong></span> <span class='ocrx_word' id='word_1_74' title='bbox 1515 338 1639 366; x_wconf 81' lang='lat' dir='ltr'><strong>etsae.</strong></span> <span class='ocrx_word' id='word_1_75' title='bbox 1685 334 1858 366; x_wconf 82' lang='lat' dir='ltr'><strong>Andreas</strong></span> <span class='ocrx_word' id='word_1_76' title='bbox 1881 345 1923 366; x_wconf 93' lang='lat' dir='ltr'><strong>m.</strong></span> 
     </span>
    </p>
   </div>
   <div class='ocr_carea' id='block_1_6' title="bbox 628 386 1923 474">
    <p class='ocr_par' dir='ltr' id='par_1_6' title="bbox 628 386 1923 474">
     <span class='ocr_line' id='line_1_21' title="bbox 628 386 1923 431; baseline -0.005 -9"><span class='ocrx_word' id='word_1_77' title='bbox 628 395 665 422; x_wconf 77' lang='lat' dir='ltr'><strong>et</strong></span> <span class='ocrx_word' id='word_1_78' title='bbox 681 401 768 430; x_wconf 58' lang='lat' dir='ltr'><strong>sae„</strong></span> <span class='ocrx_word' id='word_1_79' title='bbox 793 389 983 431; x_wconf 85' lang='lat' dir='ltr'>quondam</span> <span class='ocrx_word' id='word_1_80' title='bbox 1006 390 1111 430; x_wconf 86' lang='lat' dir='ltr'>prior</span> <span class='ocrx_word' id='word_1_81' title='bbox 1133 389 1171 419; x_wconf 87' lang='lat' dir='ltr'><strong>in</strong></span> <span class='ocrx_word' id='word_1_82' title='bbox 1194 387 1395 418; x_wconf 82' lang='lat' dir='ltr'><strong>Altovado.</strong></span> <span class='ocrx_word' id='word_1_83' title='bbox 1440 386 1648 427; x_wconf 81' lang='lat' dir='ltr'><strong>Hedwigis.</strong></span> <span class='ocrx_word' id='word_1_84' title='bbox 1694 386 1923 417; x_wconf 83' lang='lat' dir='ltr'><strong>Waltherus.</strong></span> 
     </span>
     <span class='ocr_line' id='line_1_22' title="bbox 628 439 1257 474; baseline -0.008 0"><span class='ocrx_word' id='word_1_85' title='bbox 628 441 816 474; x_wconf 82' lang='lat' dir='ltr'><strong>Alheidis.</strong></span> <span class='ocrx_word' id='word_1_86' title='bbox 862 441 1051 472; x_wconf 80' lang='lat' dir='ltr'>Iohannes</span> <span class='ocrx_word' id='word_1_87' title='bbox 1074 439 1257 470; x_wconf 81' lang='lat' dir='ltr'><strong>Pueeher.</strong></span> 
     </span>
    </p>
   </div>
   <div class='ocr_carea' id='block_1_7' title="bbox 578 492 1930 1268">
    <p class='ocr_par' dir='ltr' id='par_1_7' title="bbox 578 492 1925 632">
     <span class='ocr_line' id='line_1_23' title="bbox 578 492 1925 530; baseline -0.004 -1"><span class='ocrx_word' id='word_1_88' title='bbox 578 499 631 530; x_wconf 80' lang='lat' dir='ltr'><strong>Fr.</strong></span> <span class='ocrx_word' id='word_1_89' title='bbox 656 498 816 529; x_wconf 85' lang='lat' dir='ltr'>Iohannes</span> <span class='ocrx_word' id='word_1_90' title='bbox 846 497 940 527; x_wconf 82' lang='lat' dir='ltr'>Prew</span> <span class='ocrx_word' id='word_1_91' title='bbox 963 507 1004 527; x_wconf 91' lang='lat' dir='ltr'><strong>m.</strong></span> <span class='ocrx_word' id='word_1_92' title='bbox 1029 499 1062 526; x_wconf 81' lang='lat' dir='ltr'><strong>et</strong></span> <span class='ocrx_word' id='word_1_93' title='bbox 1083 505 1145 526; x_wconf 79' lang='lat' dir='ltr'><strong>sao.</strong></span> <span class='ocrx_word' id='word_1_94' title='bbox 1193 494 1348 525; x_wconf 86' lang='lat' dir='ltr'>Ulricus</span> <span class='ocrx_word' id='word_1_95' title='bbox 1372 492 1541 524; x_wconf 81' lang='lat' dir='ltr'><strong>Schiver.</strong></span> <span class='ocrx_word' id='word_1_96' title='bbox 1593 492 1731 524; x_wconf 82' lang='lat' dir='ltr'>Ottilia</span> <span class='ocrx_word' id='word_1_97' title='bbox 1755 492 1800 524; x_wconf 84' lang='lat' dir='ltr'><strong>de</strong></span> <span class='ocrx_word' id='word_1_98' title='bbox 1824 492 1925 524; x_wconf 85' lang='lat' dir='ltr'>Peil-</span> 
     </span>
     <span class='ocr_line' id='line_1_24' title="bbox 632 543 1924 588; baseline -0.005 -8"><span class='ocrx_word' id='word_1_99' title='bbox 632 550 740 580; x_wconf 82' lang='lat' dir='ltr'><strong>stain.</strong></span> <span class='ocrx_word' id='word_1_100' title='bbox 779 548 984 588; x_wconf 74' lang='lat' dir='ltr'>wilbirgis,</span> <span class='ocrx_word' id='word_1_101' title='bbox 1019 546 1201 578; x_wconf 80' lang='lat' dir='ltr'>Perichta</span> <span class='ocrx_word' id='word_1_102' title='bbox 1225 546 1268 577; x_wconf 85' lang='lat' dir='ltr'><strong>de</strong></span> <span class='ocrx_word' id='word_1_103' title='bbox 1286 544 1567 576; x_wconf 84' lang='lat' dir='ltr'><strong>Schounberch.</strong></span> <span class='ocrx_word' id='word_1_104' title='bbox 1603 543 1924 585; x_wconf 82' lang='lat' dir='ltr'><strong>Sigharduscom.</strong></span> 
     </span>
     <span class='ocr_line' id='line_1_25' title="bbox 630 595 1790 632; baseline -0.005 0"><span class='ocrx_word' id='word_1_105' title='bbox 630 600 770 632; x_wconf 82' lang='lat' dir='ltr'>Schala</span> <span class='ocrx_word' id='word_1_106' title='bbox 794 599 900 630; x_wconf 83' lang='lat' dir='ltr'>dedit</span> <span class='ocrx_word' id='word_1_107' title='bbox 924 598 963 629; x_wconf 74' lang='lat' dir='ltr'><strong>Se</strong></span> <span class='ocrx_word' id='word_1_108' title='bbox 979 598 1097 629; x_wconf 80' lang='lat' dir='ltr'>Marie</span> <span class='ocrx_word' id='word_1_109' title='bbox 1121 598 1270 628; x_wconf 85' lang='lat' dir='ltr'>vineam</span> <span class='ocrx_word' id='word_1_110' title='bbox 1294 598 1329 627; x_wconf 91' lang='lat' dir='ltr'><strong>in</strong></span> <span class='ocrx_word' id='word_1_111' title='bbox 1352 596 1568 628; x_wconf 83' lang='lat' dir='ltr'><strong>Wachovia.</strong></span> <span class='ocrx_word' id='word_1_112' title='bbox 1613 595 1790 627; x_wconf 83' lang='lat' dir='ltr'><strong>Reihcza.</strong></span> 
     </span>
    </p>

    <p class='ocr_par' dir='ltr' id='par_1_8' title="bbox 579 650 1929 951">
     <span class='ocr_line' id='line_1_26' title="bbox 579 650 1926 687; baseline -0.004 0"><span class='ocrx_word' id='word_1_113' title='bbox 579 656 782 687; x_wconf 74' lang='lat' dir='ltr'>Gotfridus</span> <span class='ocrx_word' id='word_1_114' title='bbox 805 665 845 685; x_wconf 86' lang='lat' dir='ltr'><strong>m.</strong></span> <span class='ocrx_word' id='word_1_115' title='bbox 865 657 901 685; x_wconf 77' lang='lat' dir='ltr'><strong>et</strong></span> <span class='ocrx_word' id='word_1_116' title='bbox 918 664 988 684; x_wconf 86' lang='lat' dir='ltr'><strong>sac.</strong></span> <span class='ocrx_word' id='word_1_117' title='bbox 1031 653 1225 684; x_wconf 83' lang='lat' dir='ltr'>Dietricus</span> <span class='ocrx_word' id='word_1_118' title='bbox 1249 663 1298 684; x_wconf 86' lang='lat' dir='ltr'><strong>cv.</strong></span> <span class='ocrx_word' id='word_1_119' title='bbox 1341 652 1494 684; x_wconf 84' lang='lat' dir='ltr'>Ulricus</span> <span class='ocrx_word' id='word_1_120' title='bbox 1518 661 1608 682; x_wconf 83' lang='lat' dir='ltr'><strong>com.</strong></span> <span class='ocrx_word' id='word_1_121' title='bbox 1634 651 1679 682; x_wconf 89' lang='lat' dir='ltr'><strong>de</strong></span> <span class='ocrx_word' id='word_1_122' title='bbox 1697 650 1796 682; x_wconf 78' lang='lat' dir='ltr'>Gilia</span> <span class='ocrx_word' id='word_1_123' title='bbox 1820 653 1926 682; x_wconf 83' lang='lat'><strong>1456.</strong></span> 
     </span>
     <span class='ocr_line' id='line_1_27' title="bbox 630 702 1927 745; baseline -0.004 -7"><span class='ocrx_word' id='word_1_124' title='bbox 630 707 819 738; x_wconf 83' lang='lat' dir='ltr'>Henrieus</span> <span class='ocrx_word' id='word_1_125' title='bbox 850 705 974 736; x_wconf 77' lang='lat' dir='ltr'><strong>dietus</strong></span> <span class='ocrx_word' id='word_1_126' title='bbox 1004 704 1167 745; x_wconf 83' lang='lat' dir='ltr'><strong>Haymel</strong></span> <span class='ocrx_word' id='word_1_127' title='bbox 1195 704 1239 735; x_wconf 83' lang='lat' dir='ltr'><strong>de</strong></span> <span class='ocrx_word' id='word_1_128' title='bbox 1270 704 1394 735; x_wconf 87' lang='lat' dir='ltr'><strong>Lincz.</strong></span> <span class='ocrx_word' id='word_1_129' title='bbox 1445 702 1593 744; x_wconf 86' lang='lat' dir='ltr'><strong>Symon.</strong></span> <span class='ocrx_word' id='word_1_130' title='bbox 1642 702 1927 734; x_wconf 81' lang='lat' dir='ltr'><strong>Berichtoldus.</strong></span> 
     </span>
     <span class='ocr_line' id='line_1_28' title="bbox 631 753 1927 789; baseline -0.004 0"><span class='ocrx_word' id='word_1_131' title='bbox 631 758 776 789; x_wconf 85' lang='lat' dir='ltr'><strong>Siboto.</strong></span> <span class='ocrx_word' id='word_1_132' title='bbox 835 755 1018 787; x_wconf 82' lang='lat' dir='ltr'><strong>Elizabet.</strong></span> <span class='ocrx_word' id='word_1_133' title='bbox 1076 755 1230 787; x_wconf 86' lang='lat' dir='ltr'><strong>Albero.</strong></span> <span class='ocrx_word' id='word_1_134' title='bbox 1287 754 1478 786; x_wconf 87' lang='lat' dir='ltr'>Arnoldus</span> <span class='ocrx_word' id='word_1_135' title='bbox 1512 754 1559 785; x_wconf 94' lang='grc'><strong>(16</strong></span> <span class='ocrx_word' id='word_1_136' title='bbox 1595 754 1805 785; x_wconf 81' lang='lat' dir='ltr'><strong>Perehaim.</strong></span> <span class='ocrx_word' id='word_1_137' title='bbox 1864 753 1927 785; x_wconf 89' lang='lat' dir='ltr'><strong>Al—</strong></span> 
     </span>
     <span class='ocr_line' id='line_1_29' title="bbox 631 805 1927 848; baseline -0.002 -9"><span class='ocrx_word' id='word_1_138' title='bbox 631 809 766 840; x_wconf 80' lang='lat' dir='ltr'><strong>heidis.</strong></span> <span class='ocrx_word' id='word_1_139' title='bbox 811 807 940 839; x_wconf 83' lang='lat' dir='ltr'><strong>Rihza.</strong></span> <span class='ocrx_word' id='word_1_140' title='bbox 984 807 1218 838; x_wconf 85' lang='lat' dir='ltr'><strong>Diemuedis.</strong></span> <span class='ocrx_word' id='word_1_141' title='bbox 1264 806 1575 848; x_wconf 83' lang='lat' dir='ltr'>Engelschalcus.</span> <span class='ocrx_word' id='word_1_142' title='bbox 1620 806 1742 837; x_wconf 84' lang='lat' dir='ltr'><strong>Ieuta.</strong></span> <span class='ocrx_word' id='word_1_143' title='bbox 1781 805 1927 836; x_wconf 85' lang='lat' dir='ltr'>Chune—</span> 
     </span>
     <span class='ocr_line' id='line_1_30' title="bbox 632 856 1929 901; baseline -0.002 -11"><span class='ocrx_word' id='word_1_144' title='bbox 632 860 778 901; x_wconf 88' lang='lat' dir='ltr'><strong>gundis.</strong></span> <span class='ocrx_word' id='word_1_145' title='bbox 824 858 968 889; x_wconf 79' lang='lat' dir='ltr'><strong>siboto.</strong></span> <span class='ocrx_word' id='word_1_146' title='bbox 1018 859 1129 890; x_wconf 83' lang='lat' dir='ltr'><strong>Ieuta</strong></span> <span class='ocrx_word' id='word_1_147' title='bbox 1157 858 1203 889; x_wconf 85' lang='lat' dir='ltr'><strong>de</strong></span> <span class='ocrx_word' id='word_1_148' title='bbox 1232 858 1355 889; x_wconf 85' lang='lat' dir='ltr'><strong>Lincz.</strong></span> <span class='ocrx_word' id='word_1_149' title='bbox 1401 857 1532 889; x_wconf 77' lang='lat' dir='ltr'><strong>siboto</strong></span> <span class='ocrx_word' id='word_1_150' title='bbox 1561 857 1673 888; x_wconf 44' lang='lat' dir='ltr'>fami&amp;</span> <span class='ocrx_word' id='word_1_151' title='bbox 1719 856 1929 888; x_wconf 81' lang='lat' dir='ltr'>Hainricus</span> 
     </span>
     <span class='ocr_line' id='line_1_31' title="bbox 632 909 1780 951; baseline -0.003 -8"><span class='ocrx_word' id='word_1_152' title='bbox 632 910 898 950; x_wconf 65' lang='lat' dir='ltr'><strong>Sehbnleikeb</strong></span> <span class='ocrx_word' id='word_1_153' title='bbox 923 910 968 940; x_wconf 86' lang='lat' dir='ltr'><strong>de</strong></span> <span class='ocrx_word' id='word_1_154' title='bbox 993 910 1164 949; x_wconf 53' lang='lat' dir='ltr'><strong>XVienna,</strong></span> <span class='ocrx_word' id='word_1_155' title='bbox 1191 910 1233 941; x_wconf 83' lang='lat' dir='ltr'><strong>de</strong></span> <span class='ocrx_word' id='word_1_156' title='bbox 1259 920 1329 951; x_wconf 93' lang='lat' dir='ltr'><strong>quo</strong></span> <span class='ocrx_word' id='word_1_157' title='bbox 1353 909 1544 940; x_wconf 80' lang='lat' dir='ltr'>serviatur</span> <span class='ocrx_word' id='word_1_158' title='bbox 1567 909 1780 940; x_wconf 80' lang='lat' dir='ltr'><strong>conventui.</strong></span> 
     </span>
    </p>

    <p class='ocr_par' dir='ltr' id='par_1_9' title="bbox 582 963 1928 1101">
     <span class='ocr_line' id='line_1_32' title="bbox 582 963 1928 999; baseline -0.004 0"><span class='ocrx_word' id='word_1_159' title='bbox 582 968 773 999; x_wconf 81' lang='lat' dir='ltr'>Ludvicus</span> <span class='ocrx_word' id='word_1_160' title='bbox 798 965 965 997; x_wconf 84' lang='lat' dir='ltr'><strong>Schiver.</strong></span> <span class='ocrx_word' id='word_1_161' title='bbox 1019 965 1243 996; x_wconf 76' lang='lat' dir='ltr'>chunradus</span> <span class='ocrx_word' id='word_1_162' title='bbox 1267 975 1357 996; x_wconf 90' lang='lat' dir='ltr'><strong>com.</strong></span> <span class='ocrx_word' id='word_1_163' title='bbox 1382 965 1428 995; x_wconf 88' lang='lat' dir='ltr'><strong>de</strong></span> <span class='ocrx_word' id='word_1_164' title='bbox 1460 964 1660 996; x_wconf 82' lang='lat' dir='ltr'><strong>Peilstain.</strong></span> <span class='ocrx_word' id='word_1_165' title='bbox 1706 964 1860 996; x_wconf 80' lang='lat' dir='ltr'><strong>Ulricus</strong></span> <span class='ocrx_word' id='word_1_166' title='bbox 1884 963 1928 995; x_wconf 85' lang='lat' dir='ltr'><strong>de</strong></span> 
     </span>
     <span class='ocr_line' id='line_1_33' title="bbox 631 1015 1928 1059; baseline -0.002 -10"><span class='ocrx_word' id='word_1_167' title='bbox 631 1018 937 1059; x_wconf 76' lang='lat' dir='ltr'><strong>Waigerleitten.</strong></span> <span class='ocrx_word' id='word_1_168' title='bbox 984 1016 1111 1048; x_wconf 80' lang='lat' dir='ltr'>Ofmia</span> <span class='ocrx_word' id='word_1_169' title='bbox 1135 1017 1180 1048; x_wconf 88' lang='grc'><strong>(16</strong></span> <span class='ocrx_word' id='word_1_170' title='bbox 1210 1016 1563 1053; x_wconf 80' lang='lat' dir='ltr'><strong>Ulreihsehirchen,</strong></span> <span class='ocrx_word' id='word_1_171' title='bbox 1595 1015 1785 1047; x_wconf 87' lang='lat' dir='ltr'>Irnfridus</span> <span class='ocrx_word' id='word_1_172' title='bbox 1815 1015 1928 1046; x_wconf 80' lang='lat' dir='ltr'>mari-</span> 
     </span>
     <span class='ocr_line' id='line_1_34' title="bbox 633 1070 806 1101; baseline -0.012 0"><span class='ocrx_word' id='word_1_173' title='bbox 633 1074 690 1101; x_wconf 85' lang='lat' dir='ltr'><strong>tus</strong></span> <span class='ocrx_word' id='word_1_174' title='bbox 715 1070 806 1101; x_wconf 81' lang='lat' dir='ltr'><strong>eius.</strong></span> 
     </span>
    </p>

    <p class='ocr_par' dir='ltr' id='par_1_10' title="bbox 586 1122 1930 1268">
     <span class='ocr_line' id='line_1_35' title="bbox 586 1122 1930 1164; baseline -0.002 -7"><span class='ocrx_word' id='word_1_175' title='bbox 586 1126 774 1157; x_wconf 80' lang='lat' dir='ltr'>Henricus</span> <span class='ocrx_word' id='word_1_176' title='bbox 805 1135 846 1155; x_wconf 89' lang='lat' dir='ltr'><strong>m.</strong></span> <span class='ocrx_word' id='word_1_177' title='bbox 871 1127 908 1155; x_wconf 79' lang='lat' dir='ltr'><strong>et</strong></span> <span class='ocrx_word' id='word_1_178' title='bbox 930 1134 1006 1154; x_wconf 82' lang='lat' dir='ltr'><strong>sae.</strong></span> <span class='ocrx_word' id='word_1_179' title='bbox 1038 1123 1086 1154; x_wconf 89' lang='lat' dir='ltr'><strong>de</strong></span> <span class='ocrx_word' id='word_1_180' title='bbox 1117 1122 1256 1164; x_wconf 87' lang='lat' dir='ltr'>Campo</span> <span class='ocrx_word' id='word_1_181' title='bbox 1280 1123 1475 1154; x_wconf 87' lang='lat' dir='ltr'><strong>Liliorum.</strong></span> <span class='ocrx_word' id='word_1_182' title='bbox 1527 1123 1567 1154; x_wconf 94' lang='lat' dir='ltr'><strong>D.</strong></span> <span class='ocrx_word' id='word_1_183' title='bbox 1590 1123 1744 1154; x_wconf 82' lang='lat' dir='ltr'>Ulrieus</span> <span class='ocrx_word' id='word_1_184' title='bbox 1773 1123 1851 1154; x_wconf 80' lang='lat' dir='ltr'><strong>dec.</strong></span> <span class='ocrx_word' id='word_1_185' title='bbox 1883 1122 1930 1154; x_wconf 86' lang='grc'><strong>(16</strong></span> 
     </span>
     <span class='ocr_line' id='line_1_36' title="bbox 634 1174 1930 1216; baseline -0.002 -8"><span class='ocrx_word' id='word_1_186' title='bbox 634 1176 898 1215; x_wconf 82' lang='lat' dir='ltr'>Tauershaim‚</span> <span class='ocrx_word' id='word_1_187' title='bbox 924 1175 1034 1206; x_wconf 73' lang='lat' dir='ltr'><strong>ecelie</strong></span> <span class='ocrx_word' id='word_1_188' title='bbox 1050 1175 1080 1206; x_wconf 92' lang='lat' dir='ltr'><strong>h.</strong></span> <span class='ocrx_word' id='word_1_189' title='bbox 1098 1185 1255 1216; x_wconf 84' lang='lat' dir='ltr'>magnus</span> <span class='ocrx_word' id='word_1_190' title='bbox 1277 1175 1428 1206; x_wconf 77' lang='lat' dir='ltr'><strong>amicus.</strong></span> <span class='ocrx_word' id='word_1_191' title='bbox 1472 1174 1680 1206; x_wconf 79' lang='lat' dir='ltr'><strong>Gotfridus.</strong></span> <span class='ocrx_word' id='word_1_192' title='bbox 1720 1174 1930 1215; x_wconf 86' lang='lat' dir='ltr'><strong>Hedwigis.</strong></span> 
     </span>
     <span class='ocr_line' id='line_1_37' title="bbox 634 1225 1930 1268; baseline -0.002 -9"><span class='ocrx_word' id='word_1_193' title='bbox 634 1227 853 1259; x_wconf 70' lang='lat' dir='ltr'><strong>Leucoldus.</strong></span> <span class='ocrx_word' id='word_1_194' title='bbox 907 1227 1074 1258; x_wconf 86' lang='lat' dir='ltr'>Ulricus</span> <span class='ocrx_word' id='word_1_195' title='bbox 1105 1226 1151 1257; x_wconf 87' lang='lat' dir='ltr'><strong>de</strong></span> <span class='ocrx_word' id='word_1_196' title='bbox 1184 1225 1417 1257; x_wconf 78' lang='lat' dir='ltr'><strong>Otenshaim.</strong></span> <span class='ocrx_word' id='word_1_197' title='bbox 1464 1225 1690 1257; x_wconf 82' lang='lat' dir='ltr'>Chunradus</span> <span class='ocrx_word' id='word_1_198' title='bbox 1719 1226 1853 1268; x_wconf 84' lang='lat' dir='ltr'><strong>Twerg</strong></span> <span class='ocrx_word' id='word_1_199' title='bbox 1884 1225 1930 1256; x_wconf 88' lang='grc'><strong>(16</strong></span> 
     </span>
    </p>
   </div>
   <div class='ocr_carea' id='block_1_8' title="bbox 635 1277 1929 1361">
    <p class='ocr_par' dir='ltr' id='par_1_11' title="bbox 635 1277 1929 1361">
     <span class='ocr_line' id='line_1_38' title="bbox 635 1277 1929 1311; baseline -0.002 -1"><span class='ocrx_word' id='word_1_200' title='bbox 635 1278 922 1311; x_wconf 80' lang='lat' dir='ltr'><strong>Schawnberch.</strong></span> <span class='ocrx_word' id='word_1_201' title='bbox 959 1278 1160 1309; x_wconf 81' lang='lat' dir='ltr'>Serviatur</span> <span class='ocrx_word' id='word_1_202' title='bbox 1176 1278 1379 1309; x_wconf 83' lang='lat' dir='ltr'>conventui</span> <span class='ocrx_word' id='word_1_203' title='bbox 1402 1278 1445 1309; x_wconf 85' lang='lat' dir='ltr'><strong>de</strong></span> <span class='ocrx_word' id='word_1_204' title='bbox 1464 1277 1666 1309; x_wconf 80' lang='lat' dir='ltr'>Ohunrado</span> <span class='ocrx_word' id='word_1_205' title='bbox 1684 1277 1729 1308; x_wconf 90' lang='grc'><strong>(16</strong></span> <span class='ocrx_word' id='word_1_206' title='bbox 1742 1277 1929 1308; x_wconf 85' lang='lat' dir='ltr'>Winchel-</span> 
     </span>
     <span class='ocr_line' id='line_1_39' title="bbox 638 1330 748 1361; baseline 0 -1"><span class='ocrx_word' id='word_1_207' title='bbox 638 1330 748 1361; x_wconf 84' lang='lat' dir='ltr'>haim.</span> 
     </span>
    </p>
   </div>
   <div class='ocr_carea' id='block_1_9' title="bbox 579 1385 1931 1743">
    <p class='ocr_par' dir='ltr' id='par_1_12' title="bbox 579 1385 1931 1468">
     <span class='ocr_line' id='line_1_40' title="bbox 579 1385 1931 1426; baseline -0.001 -9"><span class='ocrx_word' id='word_1_208' title='bbox 579 1386 799 1417; x_wconf 82' lang='lat' dir='ltr'>Hartmannus</span> <span class='ocrx_word' id='word_1_209' title='bbox 823 1386 914 1416; x_wconf 84' lang='lat' dir='ltr'>miles</span> <span class='ocrx_word' id='word_1_210' title='bbox 939 1388 1107 1416; x_wconf 77' lang='lat' dir='ltr'>strennuus</span> <span class='ocrx_word' id='word_1_211' title='bbox 1131 1385 1171 1417; x_wconf 90' lang='lat' dir='ltr'><strong>de</strong></span> <span class='ocrx_word' id='word_1_212' title='bbox 1196 1386 1303 1416; x_wconf 79' lang='lat' dir='ltr'>Truna</span> <span class='ocrx_word' id='word_1_213' title='bbox 1329 1385 1686 1426; x_wconf 75' lang='lat' dir='ltr'><strong>&lt;M000000&gt;LXV11L</strong></span> <span class='ocrx_word' id='word_1_214' title='bbox 1726 1385 1931 1426; x_wconf 76' lang='lat' dir='ltr'><strong>RupertuS.</strong></span> 
     </span>
     <span class='ocr_line' id='line_1_41' title="bbox 634 1436 1464 1468; baseline 0.001 -1"><span class='ocrx_word' id='word_1_215' title='bbox 634 1436 823 1467; x_wconf 83' lang='lat' dir='ltr'><strong>Alheidis.</strong></span> <span class='ocrx_word' id='word_1_216' title='bbox 868 1436 1041 1467; x_wconf 75' lang='lat' dir='ltr'><strong>Helicha.</strong></span> <span class='ocrx_word' id='word_1_217' title='bbox 1089 1437 1277 1468; x_wconf 84' lang='lat' dir='ltr'>Rudolfus</span> <span class='ocrx_word' id='word_1_218' title='bbox 1301 1436 1342 1468; x_wconf 84' lang='lat' dir='ltr'><strong>de</strong></span> <span class='ocrx_word' id='word_1_219' title='bbox 1367 1436 1464 1468; x_wconf 47' lang='lat' dir='ltr'><strong>Oxi-e.</strong></span> 
     </span>
    </p>

    <p class='ocr_par' dir='ltr' id='par_1_13' title="bbox 587 1492 1931 1636">
     <span class='ocr_line' id='line_1_42' title="bbox 587 1492 1931 1534; baseline -0.001 -10"><span class='ocrx_word' id='word_1_220' title='bbox 587 1493 782 1533; x_wconf 84' lang='lat' dir='ltr'>Rupertus</span> <span class='ocrx_word' id='word_1_221' title='bbox 816 1492 862 1523; x_wconf 87' lang='lat' dir='ltr'><strong>de</strong></span> <span class='ocrx_word' id='word_1_222' title='bbox 885 1492 1089 1534; x_wconf 84' lang='lat' dir='ltr'><strong>Absperig.</strong></span> <span class='ocrx_word' id='word_1_223' title='bbox 1135 1492 1407 1533; x_wconf 85' lang='lat' dir='ltr'>Chunegundis</span> <span class='ocrx_word' id='word_1_224' title='bbox 1438 1492 1482 1523; x_wconf 88' lang='lat' dir='ltr'><strong>de</strong></span> <span class='ocrx_word' id='word_1_225' title='bbox 1507 1492 1789 1524; x_wconf 81' lang='lat' dir='ltr'><strong>Schaunberch.</strong></span> <span class='ocrx_word' id='word_1_226' title='bbox 1835 1492 1931 1523; x_wconf 88' lang='lat' dir='ltr'><strong>Irin·</strong></span> 
     </span>
     <span class='ocr_line' id='line_1_43' title="bbox 633 1543 1930 1585; baseline 0 -11"><span class='ocrx_word' id='word_1_227' title='bbox 633 1544 772 1585; x_wconf 80' lang='lat' dir='ltr'><strong>gardis.</strong></span> <span class='ocrx_word' id='word_1_228' title='bbox 818 1543 1018 1575; x_wconf 84' lang='lat' dir='ltr'><strong>Henricus.</strong></span> <span class='ocrx_word' id='word_1_229' title='bbox 1060 1544 1262 1576; x_wconf 82' lang='lat' dir='ltr'><strong>Henricus.</strong></span> <span class='ocrx_word' id='word_1_230' title='bbox 1301 1544 1583 1576; x_wconf 79' lang='lat' dir='ltr'><strong>Berichtoldus.</strong></span> <span class='ocrx_word' id='word_1_231' title='bbox 1623 1544 1828 1575; x_wconf 84' lang='lat' dir='ltr'><strong>Dietricus.</strong></span> <span class='ocrx_word' id='word_1_232' title='bbox 1868 1543 1930 1575; x_wconf 93' lang='lat' dir='ltr'><strong>Ul—</strong></span> 
     </span>
     <span class='ocr_line' id='line_1_44' title="bbox 635 1595 1592 1636; baseline 0 -10"><span class='ocrx_word' id='word_1_233' title='bbox 635 1596 735 1626; x_wconf 83' lang='lat' dir='ltr'>rieus</span> <span class='ocrx_word' id='word_1_234' title='bbox 759 1596 795 1626; x_wconf 89' lang='lat' dir='ltr'><strong>in</strong></span> <span class='ocrx_word' id='word_1_235' title='bbox 819 1598 939 1636; x_wconf 87' lang='lat' dir='ltr'><strong>portu.</strong></span> <span class='ocrx_word' id='word_1_236' title='bbox 987 1595 1138 1626; x_wconf 85' lang='lat' dir='ltr'>Osanna</span> <span class='ocrx_word' id='word_1_237' title='bbox 1161 1606 1219 1626; x_wconf 83' lang='lat' dir='ltr'><strong>ux.</strong></span> <span class='ocrx_word' id='word_1_238' title='bbox 1244 1595 1592 1636; x_wconf 77' lang='lat' dir='ltr'><strong>Praytenlocharii.</strong></span> 
     </span>
    </p>

    <p class='ocr_par' dir='ltr' id='par_1_14' title="bbox 584 1650 1930 1743">
     <span class='ocr_line' id='line_1_45' title="bbox 584 1650 1930 1693; baseline 0.001 -12"><span class='ocrx_word' id='word_1_239' title='bbox 584 1650 649 1681; x_wconf 91' lang='lat' dir='ltr'><strong>Ob.</strong></span> <span class='ocrx_word' id='word_1_240' title='bbox 674 1651 714 1681; x_wconf 94' lang='lat' dir='ltr'><strong>D.</strong></span> <span class='ocrx_word' id='word_1_241' title='bbox 742 1651 931 1682; x_wconf 80' lang='lat' dir='ltr'>lohannes</span> <span class='ocrx_word' id='word_1_242' title='bbox 955 1661 1043 1682; x_wconf 80' lang='lat' dir='ltr'><strong>eom.</strong></span> <span class='ocrx_word' id='word_1_243' title='bbox 1069 1651 1112 1682; x_wconf 83' lang='lat' dir='ltr'><strong>de</strong></span> <span class='ocrx_word' id='word_1_244' title='bbox 1137 1651 1406 1683; x_wconf 83' lang='lat' dir='ltr'>Schaunberch</span> <span class='ocrx_word' id='word_1_245' title='bbox 1430 1652 1559 1683; x_wconf 84' lang='lat' dir='ltr'>senior</span> <span class='ocrx_word' id='word_1_246' title='bbox 1585 1654 1688 1683; x_wconf 80' lang='lat'><strong>1453.</strong></span> <span class='ocrx_word' id='word_1_247' title='bbox 1733 1651 1930 1693; x_wconf 87' lang='lat' dir='ltr'>leingus</span> 
     </span>
     <span class='ocr_line' id='line_1_46' title="bbox 636 1702 1930 1743; baseline 0 -10"><span class='ocrx_word' id='word_1_248' title='bbox 636 1702 679 1733; x_wconf 83' lang='lat' dir='ltr'><strong>de</strong></span> <span class='ocrx_word' id='word_1_249' title='bbox 697 1702 959 1743; x_wconf 82' lang='lat' dir='ltr'><strong>Tegernbach.</strong></span> <span class='ocrx_word' id='word_1_250' title='bbox 991 1702 1276 1736; x_wconf 78' lang='lat' dir='ltr'><strong>Berichtoldus.</strong></span> <span class='ocrx_word' id='word_1_251' title='bbox 1312 1702 1510 1734; x_wconf 79' lang='lat' dir='ltr'><strong>Henrious.</strong></span> <span class='ocrx_word' id='word_1_252' title='bbox 1542 1703 1776 1734; x_wconf 80' lang='lat' dir='ltr'><strong>Mehthildis.</strong></span> <span class='ocrx_word' id='word_1_253' title='bbox 1810 1703 1930 1734; x_wconf 83' lang='lat' dir='ltr'><strong>Ieuta.</strong></span> 
     </span>
    </p>
   </div>
   <div class='ocr_carea' id='block_1_10' title="bbox 635 1753 1931 1838">
    <p class='ocr_par' dir='ltr' id='par_1_15' title="bbox 635 1753 1931 1838">
     <span class='ocr_line' id='line_1_47' title="bbox 635 1753 1931 1795; baseline 0 -11"><span class='ocrx_word' id='word_1_254' title='bbox 635 1753 820 1784; x_wconf 78' lang='lat' dir='ltr'><strong>Alheidis.</strong></span> <span class='ocrx_word' id='word_1_255' title='bbox 870 1755 1008 1795; x_wconf 80' lang='lat' dir='ltr'><strong>Agnes.</strong></span> <span class='ocrx_word' id='word_1_256' title='bbox 1059 1754 1286 1786; x_wconf 80' lang='lat' dir='ltr'><strong>Chunradus.</strong></span> <span class='ocrx_word' id='word_1_257' title='bbox 1338 1754 1610 1795; x_wconf 85' lang='lat' dir='ltr'>Chunegundis</span> <span class='ocrx_word' id='word_1_258' title='bbox 1638 1765 1694 1785; x_wconf 81' lang='lat' dir='ltr'><strong>ux.</strong></span> <span class='ocrx_word' id='word_1_259' title='bbox 1726 1765 1801 1785; x_wconf 85' lang='lat' dir='ltr'><strong>sua.</strong></span> <span class='ocrx_word' id='word_1_260' title='bbox 1846 1759 1931 1793; x_wconf 81' lang='lat' dir='ltr'>Sigis-</span> 
     </span>
     <span class='ocr_line' id='line_1_48' title="bbox 639 1804 1112 1838; baseline 0.004 -9"><span class='ocrx_word' id='word_1_261' title='bbox 639 1804 756 1830; x_wconf 79' lang='lat' dir='ltr'>mundus</span> <span class='ocrx_word' id='word_1_262' title='bbox 776 1804 833 1830; x_wconf 84' lang='lat' dir='ltr'>Gril</span> <span class='ocrx_word' id='word_1_263' title='bbox 853 1804 972 1830; x_wconf 80' lang='lat' dir='ltr'>famulus</span> <span class='ocrx_word' id='word_1_264' title='bbox 991 1805 1112 1838; x_wconf 73' lang='lat' dir='ltr'><strong>pistoris.</strong></span> 
     </span>
    </p>
   </div>
   <div class='ocr_carea' id='block_1_11' title="bbox 584 1852 1933 2314">
    <p class='ocr_par' dir='ltr' id='par_1_16' title="bbox 584 1852 1932 1998">
     <span class='ocr_line' id='line_1_49' title="bbox 584 1852 1931 1884; baseline 0.001 -2"><span class='ocrx_word' id='word_1_265' title='bbox 584 1852 649 1882; x_wconf 89' lang='lat' dir='ltr'><strong>Ob.</strong></span> <span class='ocrx_word' id='word_1_266' title='bbox 682 1852 723 1883; x_wconf 83' lang='lat' dir='ltr'><strong>fr.</strong></span> <span class='ocrx_word' id='word_1_267' title='bbox 756 1852 946 1884; x_wconf 82' lang='lat' dir='ltr'>Iohannes</span> <span class='ocrx_word' id='word_1_268' title='bbox 982 1852 1275 1884; x_wconf 77' lang='lat' dir='ltr'>Staffelstainer</span> <span class='ocrx_word' id='word_1_269' title='bbox 1309 1864 1350 1884; x_wconf 92' lang='lat' dir='ltr'><strong>m.</strong></span> <span class='ocrx_word' id='word_1_270' title='bbox 1383 1856 1419 1884; x_wconf 82' lang='lat' dir='ltr'><strong>et</strong></span> <span class='ocrx_word' id='word_1_271' title='bbox 1449 1864 1520 1884; x_wconf 85' lang='lat' dir='ltr'><strong>sac.</strong></span> <span class='ocrx_word' id='word_1_272' title='bbox 1560 1856 1664 1884; x_wconf 87' lang='lat'><strong>1457.</strong></span> <span class='ocrx_word' id='word_1_273' title='bbox 1719 1853 1931 1884; x_wconf 84' lang='lat' dir='ltr'>Gerdrudis</span> 
     </span>
     <span class='ocr_line' id='line_1_50' title="bbox 633 1904 1931 1946; baseline 0.002 -13"><span class='ocrx_word' id='word_1_274' title='bbox 633 1904 789 1935; x_wconf 70' lang='lat' dir='ltr'><strong>smon¹¹³.</strong></span> <span class='ocrx_word' id='word_1_275' title='bbox 828 1904 1020 1935; x_wconf 80' lang='lat' dir='ltr'><strong>Perichta.</strong></span> <span class='ocrx_word' id='word_1_276' title='bbox 1060 1904 1293 1938; x_wconf 72' lang='lat' dir='ltr'><strong>chunradus.</strong></span> <span class='ocrx_word' id='word_1_277' title='bbox 1333 1905 1578 1946; x_wconf 80' lang='lat' dir='ltr'>Margaretha</span> <span class='ocrx_word' id='word_1_278' title='bbox 1603 1905 1646 1936; x_wconf 88' lang='grc'><strong>(16</strong></span> <span class='ocrx_word' id='word_1_279' title='bbox 1664 1905 1829 1936; x_wconf 80' lang='lat' dir='ltr'><strong>Wienna.</strong></span> <span class='ocrx_word' id='word_1_280' title='bbox 1870 1905 1931 1935; x_wconf 92' lang='lat' dir='ltr'><strong>AI-</strong></span> 
     </span>
     <span class='ocr_line' id='line_1_51' title="bbox 633 1955 1932 1998; baseline 0.002 -13"><span class='ocrx_word' id='word_1_281' title='bbox 633 1955 767 1986; x_wconf 83' lang='lat' dir='ltr'><strong>heidis.</strong></span> <span class='ocrx_word' id='word_1_282' title='bbox 809 1956 972 1987; x_wconf 81' lang='lat' dir='ltr'>Thomas</span> <span class='ocrx_word' id='word_1_283' title='bbox 989 1955 1167 1996; x_wconf 73' lang='lat' dir='ltr'>Swanter,</span> <span class='ocrx_word' id='word_1_284' title='bbox 1192 1957 1318 1998; x_wconf 86' lang='lat' dir='ltr'>Agnes</span> <span class='ocrx_word' id='word_1_285' title='bbox 1343 1968 1398 1988; x_wconf 80' lang='lat' dir='ltr'><strong>ux.</strong></span> <span class='ocrx_word' id='word_1_286' title='bbox 1425 1957 1506 1987; x_wconf 82' lang='lat' dir='ltr'><strong>eius</strong></span> <span class='ocrx_word' id='word_1_287' title='bbox 1529 1957 1572 1987; x_wconf 89' lang='lat' dir='ltr'><strong>de</strong></span> <span class='ocrx_word' id='word_1_288' title='bbox 1596 1956 1735 1988; x_wconf 82' lang='lat' dir='ltr'>Libera</span> <span class='ocrx_word' id='word_1_289' title='bbox 1757 1956 1932 1988; x_wconf 77' lang='lat' dir='ltr'><strong>Oivitate.</strong></span> 
     </span>
    </p>

    <p class='ocr_par' dir='ltr' id='par_1_17' title="bbox 585 2011 1932 2094">
     <span class='ocr_line' id='line_1_52' title="bbox 585 2011 1932 2054; baseline 0.002 -14"><span class='ocrx_word' id='word_1_290' title='bbox 585 2011 818 2041; x_wconf 79' lang='lat' dir='ltr'><strong>Leukardis.</strong></span> <span class='ocrx_word' id='word_1_291' title='bbox 859 2011 1093 2043; x_wconf 78' lang='lat' dir='ltr'><strong>Chunradus.</strong></span> <span class='ocrx_word' id='word_1_292' title='bbox 1133 2013 1306 2054; x_wconf 82' lang='lat' dir='ltr'>Rugerus</span> <span class='ocrx_word' id='word_1_293' title='bbox 1330 2013 1373 2044; x_wconf 91' lang='grc'><strong>(16</strong></span> <span class='ocrx_word' id='word_1_294' title='bbox 1390 2013 1514 2043; x_wconf 85' lang='lat' dir='ltr'><strong>Lincz.</strong></span> <span class='ocrx_word' id='word_1_295' title='bbox 1553 2012 1714 2044; x_wconf 83' lang='lat' dir='ltr'><strong>Iacobus</strong></span> <span class='ocrx_word' id='word_1_296' title='bbox 1739 2016 1775 2043; x_wconf 81' lang='lat' dir='ltr'><strong>et</strong></span> <span class='ocrx_word' id='word_1_297' title='bbox 1791 2013 1932 2044; x_wconf 83' lang='lat' dir='ltr'>Kathe-</span> 
     </span>
     <span class='ocr_line' id='line_1_53' title="bbox 642 2063 1123 2094; baseline 0.004 -2"><span class='ocrx_word' id='word_1_298' title='bbox 642 2063 723 2092; x_wconf 85' lang='lat' dir='ltr'><strong>rina</strong></span> <span class='ocrx_word' id='word_1_299' title='bbox 747 2073 802 2093; x_wconf 78' lang='lat' dir='ltr'><strong>ux.</strong></span> <span class='ocrx_word' id='word_1_300' title='bbox 828 2064 908 2093; x_wconf 79' lang='lat' dir='ltr'><strong>eius</strong></span> <span class='ocrx_word' id='word_1_301' title='bbox 932 2063 976 2094; x_wconf 88' lang='lat' dir='ltr'><strong>de</strong></span> <span class='ocrx_word' id='word_1_302' title='bbox 1000 2063 1123 2094; x_wconf 80' lang='lat' dir='ltr'><strong>Lincz.</strong></span> 
     </span>
    </p>

    <p class='ocr_par' dir='ltr' id='par_1_18' title="bbox 587 2117 1933 2314">
     <span class='ocr_line' id='line_1_54' title="bbox 587 2117 1933 2159; baseline 0.002 -12"><span class='ocrx_word' id='word_1_303' title='bbox 587 2117 764 2147; x_wconf 82' lang='lat' dir='ltr'>Katherina</span> <span class='ocrx_word' id='word_1_304' title='bbox 788 2118 977 2159; x_wconf 80' lang='lat' dir='ltr'>Sweykerin</span> <span class='ocrx_word' id='word_1_305' title='bbox 1005 2120 1107 2150; x_wconf 78' lang='lat' dir='ltr'>amica</span> <span class='ocrx_word' id='word_1_306' title='bbox 1136 2124 1169 2149; x_wconf 73' lang='lat' dir='ltr'><strong>na</strong></span> <span class='ocrx_word' id='word_1_307' title='bbox 1197 2123 1230 2150; x_wconf 83' lang='lat' dir='ltr'><strong>et</strong></span> <span class='ocrx_word' id='word_1_308' title='bbox 1254 2118 1424 2150; x_wconf 81' lang='lat' dir='ltr'>Oswaldus</span> <span class='ocrx_word' id='word_1_309' title='bbox 1449 2120 1495 2149; x_wconf 91' lang='lat' dir='ltr'><strong>vir</strong></span> <span class='ocrx_word' id='word_1_310' title='bbox 1524 2119 1600 2150; x_wconf 81' lang='lat' dir='ltr'><strong>eius.</strong></span> <span class='ocrx_word' id='word_1_311' title='bbox 1646 2118 1861 2151; x_wconf 81' lang='lat' dir='ltr'>Hadmarus</span> <span class='ocrx_word' id='word_1_312' title='bbox 1888 2119 1933 2151; x_wconf 89' lang='lat' dir='ltr'><strong>de</strong></span> 
     </span>
     <span class='ocr_line' id='line_1_55' title="bbox 639 2168 1932 2212; baseline 0.004 -15"><span class='ocrx_word' id='word_1_313' title='bbox 639 2168 855 2208; x_wconf 83' lang='lat' dir='ltr'><strong>Wilperich.</strong></span> <span class='ocrx_word' id='word_1_314' title='bbox 909 2170 1149 2211; x_wconf 80' lang='lat' dir='ltr'><strong>Hildgardis.</strong></span> <span class='ocrx_word' id='word_1_315' title='bbox 1204 2170 1434 2201; x_wconf 80' lang='lat' dir='ltr'><strong>FrIdericus.</strong></span> <span class='ocrx_word' id='word_1_316' title='bbox 1484 2171 1617 2202; x_wconf 83' lang='lat' dir='ltr'><strong>Adela.</strong></span> <span class='ocrx_word' id='word_1_317' title='bbox 1670 2171 1932 2212; x_wconf 74' lang='lat' dir='ltr'><strong>Marquardus.</strong></span> 
     </span>
     <span class='ocr_line' id='line_1_56' title="bbox 638 2219 1932 2263; baseline 0.004 -14"><span class='ocrx_word' id='word_1_318' title='bbox 638 2219 835 2250; x_wconf 84' lang='lat' dir='ltr'><strong>Henrious.</strong></span> <span class='ocrx_word' id='word_1_319' title='bbox 872 2220 971 2252; x_wconf 78' lang='lat' dir='ltr'><strong>Otto.</strong></span> <span class='ocrx_word' id='word_1_320' title='bbox 1011 2222 1270 2263; x_wconf 81' lang='lat' dir='ltr'><strong>Marquardus.</strong></span> <span class='ocrx_word' id='word_1_321' title='bbox 1308 2221 1439 2253; x_wconf 84' lang='lat' dir='ltr'><strong>AdeIa.</strong></span> <span class='ocrx_word' id='word_1_322' title='bbox 1477 2221 1708 2253; x_wconf 85' lang='lat' dir='ltr'><strong>Chunradus.</strong></span> <span class='ocrx_word' id='word_1_323' title='bbox 1746 2222 1932 2255; x_wconf 85' lang='lat' dir='ltr'><strong>Alheidis.</strong></span> 
     </span>
     <span class='ocr_line' id='line_1_57' title="bbox 638 2270 1931 2314; baseline 0.005 -15"><span class='ocrx_word' id='word_1_324' title='bbox 638 2270 877 2301; x_wconf 67' lang='lat' dir='ltr'><strong>W&#39;ernherus.</strong></span> <span class='ocrx_word' id='word_1_325' title='bbox 925 2272 1015 2303; x_wconf 80' lang='lat' dir='ltr'><strong>Otto</strong></span> <span class='ocrx_word' id='word_1_326' title='bbox 1044 2273 1089 2304; x_wconf 90' lang='grc'><strong>(16</strong></span> <span class='ocrx_word' id='word_1_327' title='bbox 1117 2274 1363 2314; x_wconf 82' lang='lat' dir='ltr'><strong>Lugenstain.</strong></span> <span class='ocrx_word' id='word_1_328' title='bbox 1413 2273 1633 2305; x_wconf 83' lang='lat' dir='ltr'>Fridericus</span> <span class='ocrx_word' id='word_1_329' title='bbox 1662 2274 1931 2306; x_wconf 80' lang='lat' dir='ltr'><strong>Prueschinok.</strong></span> 
     </span>
    </p>
   </div>
   <div class='ocr_carea' id='block_1_12' title="bbox 639 2319 1932 2409">
    <p class='ocr_par' dir='ltr' id='par_1_19' title="bbox 639 2319 1932 2409">
     <span class='ocr_line' id='line_1_58' title="bbox 641 2319 1932 2366; baseline 0.005 -16"><span class='ocrx_word' id='word_1_330' title='bbox 641 2319 840 2352; x_wconf 69' lang='lat' dir='ltr'>Serviatur</span> <span class='ocrx_word' id='word_1_331' title='bbox 864 2325 1065 2354; x_wconf 79' lang='lat' dir='ltr'>conventui</span> <span class='ocrx_word' id='word_1_332' title='bbox 1090 2324 1134 2355; x_wconf 85' lang='lat' dir='ltr'><strong>de</strong></span> <span class='ocrx_word' id='word_1_333' title='bbox 1158 2328 1328 2356; x_wconf 82' lang='lat' dir='ltr'>matrona</span> <span class='ocrx_word' id='word_1_334' title='bbox 1353 2325 1454 2355; x_wconf 80' lang='lat' dir='ltr'>diota</span> <span class='ocrx_word' id='word_1_335' title='bbox 1476 2324 1805 2366; x_wconf 81' lang='lat' dir='ltr'><strong>Neunburgerinn.</strong></span> <span class='ocrx_word' id='word_1_336' title='bbox 1845 2331 1932 2357; x_wconf 90' lang='lat' dir='ltr'>Wolf-</span> 
     </span>
     <span class='ocr_line' id='line_1_59' title="bbox 639 2372 1720 2409; baseline 0.006 -13"><span class='ocrx_word' id='word_1_337' title='bbox 639 2380 745 2404; x_wconf 75' lang='lat' dir='ltr'>gaugus</span> <span class='ocrx_word' id='word_1_338' title='bbox 766 2372 1007 2407; x_wconf 68' lang='lat' dir='ltr'>Dietpoltzperger</span> <span class='ocrx_word' id='word_1_339' title='bbox 1026 2375 1145 2408; x_wconf 76' lang='lat' dir='ltr'><strong>scriptor</strong></span> <span class='ocrx_word' id='word_1_340' title='bbox 1163 2384 1196 2405; x_wconf 70' lang='grc' dir='ltr'><strong>η,</strong></span> <span class='ocrx_word' id='word_1_341' title='bbox 1215 2384 1257 2402; x_wconf 81' lang='lat' dir='ltr'><strong>ao.</strong></span> <span class='ocrx_word' id='word_1_342' title='bbox 1271 2377 1324 2402; x_wconf 74' lang='lat' dir='ltr'><strong>etc.</strong></span> <span class='ocrx_word' id='word_1_343' title='bbox 1344 2376 1443 2409; x_wconf 79' lang='lat'><strong>&lt;150)2.</strong></span> <span class='ocrx_word' id='word_1_344' title='bbox 1480 2375 1581 2402; x_wconf 85' lang='lat' dir='ltr'>UrsuIa</span> <span class='ocrx_word' id='word_1_345' title='bbox 1599 2385 1642 2401; x_wconf 80' lang='lat' dir='ltr'><strong>ux.</strong></span> <span class='ocrx_word' id='word_1_346' title='bbox 1662 2384 1720 2402; x_wconf 84' lang='lat' dir='ltr'><strong>sua.</strong></span> 
     </span>
    </p>
   </div>
   <div class='ocr_carea' id='block_1_13' title="bbox 587 2417 1934 2520">
    <p class='ocr_par' dir='ltr' id='par_1_20' title="bbox 587 2417 1934 2520">
     <span class='ocr_line' id='line_1_60' title="bbox 588 2417 1934 2456; baseline 0.006 -8"><span class='ocrx_word' id='word_1_347' title='bbox 588 2417 780 2449; x_wconf 81' lang='lat' dir='ltr'><strong>Ekbertus</strong></span> <span class='ocrx_word' id='word_1_348' title='bbox 808 2430 848 2450; x_wconf 91' lang='lat' dir='ltr'><strong>m.</strong></span> <span class='ocrx_word' id='word_1_349' title='bbox 871 2424 908 2450; x_wconf 79' lang='lat' dir='ltr'><strong>et</strong></span> <span class='ocrx_word' id='word_1_350' title='bbox 929 2431 999 2452; x_wconf 85' lang='lat' dir='ltr'><strong>sac.</strong></span> <span class='ocrx_word' id='word_1_351' title='bbox 1053 2421 1203 2453; x_wconf 79' lang='lat' dir='ltr'>Ulrieus</span> <span class='ocrx_word' id='word_1_352' title='bbox 1228 2433 1278 2454; x_wconf 85' lang='lat' dir='ltr'><strong>ev.</strong></span> <span class='ocrx_word' id='word_1_353' title='bbox 1328 2424 1482 2454; x_wconf 80' lang='lat' dir='ltr'><strong>Ulricus</strong></span> <span class='ocrx_word' id='word_1_354' title='bbox 1515 2423 1712 2455; x_wconf 85' lang='lat' dir='ltr'>Pirinchel</span> <span class='ocrx_word' id='word_1_355' title='bbox 1742 2424 1785 2455; x_wconf 84' lang='lat' dir='ltr'><strong>de</strong></span> <span class='ocrx_word' id='word_1_356' title='bbox 1812 2425 1934 2456; x_wconf 82' lang='lat' dir='ltr'><strong>Lintz.</strong></span> 
     </span>
     <span class='ocr_line' id='line_1_61' title="bbox 587 2473 1933 2520; baseline 0.006 -17"><span class='ocrx_word' id='word_1_357' title='bbox 587 2473 791 2504; x_wconf 81' lang='lat' dir='ltr'><strong>Hainricus</strong></span> <span class='ocrx_word' id='word_1_358' title='bbox 807 2485 848 2505; x_wconf 90' lang='lat' dir='ltr'><strong>m.</strong></span> <span class='ocrx_word' id='word_1_359' title='bbox 866 2475 987 2506; x_wconf 81' lang='lat' dir='ltr'>dictus</span> <span class='ocrx_word' id='word_1_360' title='bbox 1005 2476 1049 2507; x_wconf 88' lang='grc'><strong>(16</strong></span> <span class='ocrx_word' id='word_1_361' title='bbox 1063 2477 1364 2509; x_wconf 80' lang='lat' dir='ltr'><strong>Chunratstorff.</strong></span> <span class='ocrx_word' id='word_1_362' title='bbox 1398 2478 1498 2510; x_wconf 82' lang='lat' dir='ltr'><strong>Otto.</strong></span> <span class='ocrx_word' id='word_1_363' title='bbox 1531 2479 1692 2520; x_wconf 63' lang='lat' dir='ltr'>Manusa)</span> <span class='ocrx_word' id='word_1_364' title='bbox 1710 2478 1933 2511; x_wconf 82' lang='lat' dir='ltr'>deWessen-</span> 
     </span>
    </p>
   </div>
   <div class='ocr_carea' id='block_1_14' title="bbox 641 2524 1934 2622">
    <p class='ocr_par' dir='ltr' id='par_1_21' title="bbox 641 2524 1934 2622">
     <span class='ocr_line' id='line_1_62' title="bbox 641 2524 1934 2571; baseline 0.007 -17"><span class='ocrx_word' id='word_1_365' title='bbox 641 2524 765 2555; x_wconf 83' lang='lat' dir='ltr'><strong>berch.</strong></span> <span class='ocrx_word' id='word_1_366' title='bbox 812 2525 1046 2558; x_wconf 74' lang='lat' dir='ltr'><strong>chunradus.</strong></span> <span class='ocrx_word' id='word_1_367' title='bbox 1092 2529 1278 2560; x_wconf 80' lang='lat' dir='ltr'><strong>Alheidis.</strong></span> <span class='ocrx_word' id='word_1_368' title='bbox 1325 2530 1571 2571; x_wconf 71' lang='lat' dir='ltr'>Margaretha</span> <span class='ocrx_word' id='word_1_369' title='bbox 1599 2541 1669 2561; x_wconf 89' lang='lat' dir='ltr'><strong>sor.</strong></span> <span class='ocrx_word' id='word_1_370' title='bbox 1697 2531 1741 2562; x_wconf 84' lang='lat' dir='ltr'><strong>de</strong></span> <span class='ocrx_word' id='word_1_371' title='bbox 1771 2532 1934 2563; x_wconf 82' lang='lat' dir='ltr'>Ottens-</span> 
     </span>
     <span class='ocr_line' id='line_1_63' title="bbox 641 2575 1762 2622; baseline 0.007 -17"><span class='ocrx_word' id='word_1_372' title='bbox 641 2575 749 2606; x_wconf 86' lang='lat' dir='ltr'><strong>haim.</strong></span> <span class='ocrx_word' id='word_1_373' title='bbox 796 2577 1007 2608; x_wconf 75' lang='lat' dir='ltr'>Leutoldus</span> <span class='ocrx_word' id='word_1_374' title='bbox 1031 2578 1269 2611; x_wconf 76' lang='lat' dir='ltr'>Pruesehink</span> <span class='ocrx_word' id='word_1_375' title='bbox 1294 2581 1420 2612; x_wconf 88' lang='lat' dir='ltr'>iunior</span> <span class='ocrx_word' id='word_1_376' title='bbox 1444 2581 1488 2612; x_wconf 83' lang='lat' dir='ltr'><strong>de</strong></span> <span class='ocrx_word' id='word_1_377' title='bbox 1511 2581 1762 2622; x_wconf 78' lang='lat' dir='ltr'><strong>Vreudenst.b)</strong></span> 
     </span>
    </p>
   </div>
   <div class='ocr_carea' id='block_1_15' title="bbox 405 2637 1749 2660">
    <p class='ocr_par' dir='ltr' id='par_1_22' title="bbox 405 2637 1749 2660">
     <span class='ocr_line' id='line_1_64' title="bbox 405 2637 1749 2660; baseline 0 0"><span class='ocrx_word' id='word_1_378' title='bbox 405 2637 1749 2660; x_wconf 95' lang='lat' dir='ltr'><strong> </strong></span> 
     </span>
    </p>
   </div>
   <div class='ocr_carea' id='block_1_16' title="bbox 385 2690 1802 2731">
    <p class='ocr_par' dir='ltr' id='par_1_23' title="bbox 385 2690 1802 2731">
     <span class='ocr_line' id='line_1_65' title="bbox 385 2690 1802 2731; baseline 0.006 -17"><span class='ocrx_word' id='word_1_379' title='bbox 385 2690 407 2719; x_wconf 75' lang='lat'><strong>⁸)</strong></span> <span class='ocrx_word' id='word_1_380' title='bbox 430 2691 606 2723; x_wconf 68' lang='lat' dir='ltr'><strong>Grillnbergler</strong></span> <span class='ocrx_word' id='word_1_381' title='bbox 625 2692 659 2723; x_wconf 77' lang='lat' dir='ltr'><strong>(p.</strong></span> <span class='ocrx_word' id='word_1_382' title='bbox 674 2695 728 2723; x_wconf 70' lang='lat'><strong>156)</strong></span> <span class='ocrx_word' id='word_1_383' title='bbox 748 2694 817 2725; x_wconf 64' lang='lat' dir='ltr'><em>leyit:</em></span> <span class='ocrx_word' id='word_1_384' title='bbox 836 2695 996 2720; x_wconf 76' lang='lat' dir='ltr'><strong>ottomanus.</strong></span> <span class='ocrx_word' id='word_1_385' title='bbox 1103 2695 1126 2726; x_wconf 73' lang='grc'><strong>1’)</strong></span> <span class='ocrx_word' id='word_1_386' title='bbox 1148 2696 1168 2721; x_wconf 85' lang='grc' dir='ltr'><strong>Ῑ.</strong></span> <span class='ocrx_word' id='word_1_387' title='bbox 1182 2706 1201 2721; x_wconf 79' lang='lat' dir='ltr'><strong>e.</strong></span> <span class='ocrx_word' id='word_1_388' title='bbox 1223 2699 1423 2729; x_wconf 52' lang='lat' dir='ltr'>Vreudenstainy·</span> <span class='ocrx_word' id='word_1_389' title='bbox 1448 2700 1629 2731; x_wconf 66' lang='lat' dir='ltr'><strong>Grilluberyer</strong></span> <span class='ocrx_word' id='word_1_390' title='bbox 1648 2700 1733 2731; x_wconf 78' lang='lat' dir='ltr'><strong>l.c.]›.</strong></span> <span class='ocrx_word' id='word_1_391' title='bbox 1750 2702 1802 2724; x_wconf 83' lang='lat'><strong>156.</strong></span> 
     </span>
    </p>
   </div>
  </div>
 </body>
</html>
