2054 2948
211 179 271 205 VII.
286 179 324 205 id.

224 306 272 333 VI.
287 306 323 332 id.

237 519 271 546 V.
286 519 322 545 id.

227 647 275 674 IV.
289 647 327 674 id.

226 818 274 844 111.
288 818 325 844 id.

238 989 272 1015 II.
287 989 323 1015 id.

288 1247 324 1273 id.

173 1460 274 1488 XVIII.
288 1461 343 1488 kal.

191 1675 278 1702 XVII.
292 1676 348 1702 kal.

200 1847 271 1873 XVI.
286 1847 342 1874 kal.

214 2103 275 2130 XV.
289 2103 344 2130 kal.

202 2317 275 2344 XIV.
289 2318 345 2345 kal.

392 648 432 675 10.

391 820 432 846 11.

390 991 431 1016 12.

392 1248 432 1274 13.

390 1463 430 1488 14.

394 1678 434 1703 15.

391 1848 430 1873 16.

392 2105 430 2131 17.

394 2319 433 2345 18.

736 89 1001 117 NECROLOGHJM
1021 89 1239 116 GARSTENSE.
1752 94 1812 123 353

477 177 727 211 0b.W01fgangus
751 176 785 203 de
807 175 892 207 Seon,
918 175 1075 201 Leonardus
1100 175 1133 201 de
1157 175 1309 209 Salzburga
1333 175 1402 208 pbri.
1442 175 1556 202 Maurus
1580 176 1640 210 pbr.
1658 176 1691 203 de
1711 176 1815 203 Crems-

522 221 645 246 minster.
675 219 832 253 Leopoldus
846 218 905 251 pbr.
920 217 953 244 (18
966 217 1087 244 Mellico.
1112 217 1274 243 Ambrosius
1289 217 1348 250 pbr.
1362 218 1396 244 de
1410 217 1651 252 Closterneuburg.
1678 219 1815 246 Matthias

523 263 584 297 pbr.
598 263 710 289 ibidem.
749 261 922 287 Abrahamus
941 269 982 286 cv.
997 260 1023 285 iu
1043 259 1153 285 Gleink.
1192 260 1332 285 Romanus
1351 261 1411 293 pbr.
1426 260 1461 286 ad
1480 260 1577 287 Seotos
1595 261 1727 288 Viennae.

475 305 526 332 Ob.
540 305 656 331 Iacobus
676 304 823 334 Kfiendler,
843 303 1004 329 benefactor
1023 311 1048 328 n.
1081 302 1216 336 Georgius
1237 302 1269 328 de
1289 302 1408 333 Mellioo,
1427 303 1539 329 Maurus
1559 303 1592 330 de
1607 303 1816 331 Oremsminster

524 347 593 382 pbri.
639 347 830 381 Sigismundus
858 348 886 372 et
914 345 1093 372 Innocentius
1120 345 1181 378 pbri
1207 345 1240 371 de
1268 345 1371 371 Altaeh
1396 345 1532 372 Inferiori.
1580 347 1694 373 Ioannes
1721 356 1761 373 cv.
1786 347 1816 373 in

525 391 687 425 Tegernsee.
726 390 883 423 Stephanus
906 388 981 422 prior
1005 388 1037 414 de
1058 387 1204 414 Lambaoo.
1242 387 1331 414 Maria
1351 387 1451 413 Ursula
1472 389 1664 415 Maximiliana
1687 390 1763 423 prosa
1787 389 1816 415 in

522 434 657 467 Nunberg
683 431 845 466 salisburgi.
887 431 1061 465 Augustinus
1085 430 1224 463 quondam
1248 430 1323 464 prior
1346 430 1374 456 in
1395 430 1612 458 Cremsminster.
1649 432 1816 459 Benedictus

525 476 584 510 pbr.
600 476 689 502 Butae
708 476 729 501 si
743 474 897 501 Michaelis.
935 473 1123 500 Columbanus
1142 473 1201 506 pbr.
1215 473 1420 499 Lambaceusis.

475 519 524 545 Ob.
549 519 580 545 D.
600 519 715 544 Ioannes
741 518 804 544 abb.
823 517 857 544 de
881 517 959 544 Cella
982 516 1121 547 Mar-mest)
1172 515 1294 542 Michael
1319 524 1360 542 cv.
1379 515 1411 541 de
1435 517 1568 549 Augusta.
1612 516 1758 542 Udalricus
1783 517 1817 543 de

524 562 625 588 Altach
642 560 776 591 Inferiori,
790 560 976 594 Wolsgangus
989 559 1023 585 de
1036 559 1188 591 Salzburga
1202 558 1271 592 pbri.
1297 558 1416 584 Thomas
1431 558 1490 591 pbr.
1505 559 1537 585 de
1552 558 1655 585 Altach
1667 558 1817 592 Superiori.

525 604 663 638 Casparus
682 604 741 637 pbr.
756 603 789 629 de
809 603 926 629 Monsee.
964 602 995 628 D.
1008 602 1149 627 Amandus
1169 601 1232 627 abb.
1247 601 1281 626 ad
1300 601 1357 627 Sum
1377 601 1488 627 Petrum
1508 601 1696 636 Salisburgi.‘-')

479 647 529 674 Ob.
545 647 706 673 Franciseus
726 646 884 676 Pfaffental,
905 646 1068 672 benefactor
1087 654 1114 670 n.
1152 644 1268 670 Ioannes
1288 644 1348 677 pbr.
1363 644 1396 670 de
1416 644 1519 670 Altaeh
1541 643 1688 677 Superiori.
1725 644 1818 671 Simon

524 691 582 724 pbr.
601 692 630 717 et
649 699 705 716 sen.
720 690 814 716 Cellae
832 690 945 715 Mariae.
975 688 1112 722 Cas—parus
1133 697 1174 714 ev.
1188 687 1255 713 ibid.
1282 687 1324 714 Fr.
1340 687 1498 720 Alphonsus
1517 687 1553 713 ad
1574 687 1671 714 Scotos
1685 687 1818 714 Viennae.

526 733 616 759 Maria
642 733 768 759 Victoria
796 734 872 765 prof*
899 732 928 758 in
955 731 1090 764 Nunberg
1119 730 1282 764 Salis-burgi.
1330 730 1494 764 Rudolphus
1521 731 1581 764 pbr.
1599 730 1626 756 iu
1650 731 1818 765 Baumburg.

523 775 660 802 Antonius
679 776 739 810 pbr.
753 776 782 801 in
803 775 1045 808 Closterneuburg.

477 819 527 846 Ob.
541 819 658 853 Magnus
677 819 800 844 subdiac.
818 819 851 844 de
871 817 1018 844 Gottwieo.
1056 817 1178 843 Michael
1203 816 1262 850 pbr.
1282 816 1314 843 de
1339 816 1546 842 Seittenstettn.
1585 815 1688 842 Vitalis
1711 816 1771 849 pbr.
1785 816 1819 842 de

524 862 627 888 Altaeh
656 861 789 887 Inferiori.
835 860 972 886 Martinus
1000 860 1060 894 pbr.
1083 861 1115 886 de
1144 859 1336 886 Seittenstetn.
1389 859 1487 885 Petrus
1517 859 1576 892 pbr.
1600 859 1627 884 in
1656 859 1818 892 Tegernsee.

524 904 662 938 Casparus
681 904 740 938 pbr.
759 903 792 930 de
818 903 896 929 Cella
923 903 1036 929 Mariae.
1078 902 1120 929 Fr.
1134 902 1275 928 Emericus
1296 902 1364 935 prof.
1383 902 1418 928 ad
1439 901 1494 928 Sum
1515 901 1666 928 Martinum
1689 901 1716 927 in
1736 901 1818 927 Sacro

525 947 618 974 Monte
639 946 806 973 Pannoniae.
842 945 1033 978 sigismundus
1053 945 1112 979 pbr.
1127 944 1302 971 Mellicensis.

477 990 526 1016 Ob.
547 990 645 1016 Petrus
668 990 700 1016 de
720 989 797 1016 Cella
816 989 934 1016 Mariae.
954 988 1110 1014 Bernardus
1136 987 1170 1014 de
1193 988 1262 1013 Seon
1286 987 1355 1020 pbri.
1401 987 1579 1013 Innocentius
1602 987 1636 1012 de
1656 987 1757 1013 Altach
1778 987 1819 1012 In-

526 1033 626 1063 feriori,
647 1033 762 1058 Ioannes
782 1031 815 1058 de
836 1031 897 1057 Attl
919 1031 985 1064 pbri.
1031 1031 1059 1056 P.
1074 1030 1241 1056 Benedictus
1257 1030 1290 1056 de
1311 1030 1389 1056 Cella
1408 1029 1526 1057 Mariae.
1552 1030 1666 1055 Ioannes
1685 1030 1819 1064 Georgius

526 1084 566 1101 cv.
585 1075 695 1101 ibidem.
742 1075 853 1101 Maurus
882 1074 940 1107 pbr.
959 1074 988 1099 in
1020 1074 1182 1107 Tegernsee.
1233 1073 1341 1099 Simeon
1366 1073 1506 1105 quondam
1534 1073 1609 1106 prior
1635 1073 1662 1099 in
1689 1073 1818 1100 Admont.

526 1117 699 1144 Coelestinus
724 1117 782 1150 pbr.
802 1117 830 1142 in
855 1116 1040 1143 Mallerstorfl‘.
1085 1116 1116 1142 D.
1134 1116 1264 1142 Placidus
1284 1115 1347 1141 abb.
1367 1115 1594 1148 Laurbacensis.³)
1638 1116 1819 1142 Willibaldus

525 1161 585 1194 pbr.
604 1160 780 1186 Mellicensis.
818 1159 984 1185 Guilielmus
1009 1160 1067 1192 pbr.
1089 1159 1117 1184 in
1138 1159 1300 1192 Altenlmrg.
1343 1158 1493 1184 Damianus
1512 1159 1571 1192 pbr.
1591 1159 1626 1185 ad
1645 1159 1701 1185 Sum
1716 1159 1820 1185 Emme-

525 1213 631 1230 ramum
653 1203 829 1230 Ratisbonae.

478 1247 527 1273 Ob.
542 1247 772 1273 Bartholomaeus
792 1246 819 1271 in
833 1246 998 1280 Tegernsee.
1013 1245 1182 1271 Wilhelmus
1201 1245 1234 1270 de
1255 1244 1332 1270 Cella
1346 1244 1451 1271 Mariae
1473 1245 1540 1278 pbri.
1572 1244 1739 1271 Benedictus
1759 1245 1818 1278 pbr.

526 1290 559 1317 de
579 1290 680 1316 Altach
705 1289 840 1315 Inferiori.
882 1288 1018 1323 Georgius
1037 1289 1096 1322 pbr.
1119 1288 1151 1314 de
1178 1287 1325 1313 Lambaeh.
1364 1287 1542 1316 Laurentius.
1570 1287 1714 1321 Iosephus,
1734 1287 1819 1314 Bene-

527 1333 626 1364 dietus.
642 1332 829 1366 wolfgangus
849 1332 909 1365 pbri
929 1332 962 1358 de
981 1331 1059 1358 Cella
1073 1331 1186 1357 Mariae.
1220 1330 1405 1356 Wunibaldus
1425 1330 1484 1363 pbr.
1499 1330 1527 1355 in
1547 1330 1667 1363 Aspach.
1705 1330 1819 1356 Baltha-

524 1385 601 1402 sarus
621 1376 680 1410 pbr.
694 1376 727 1402 de
745 1375 865 1402 Mellico.
898 1374 1068 1401 Romualdus
1087 1374 1158 1400 diac.
1172 1373 1199 1399 in
1220 1373 1436 1399 Cremsminster.
1470 1373 1586 1399 Ioannes
1605 1373 1820 1406 Christophorus

526 1419 584 1445 dee.
598 1422 626 1446 et
646 1427 701 1444 sen.
716 1418 751 1444 ad
770 1418 826 1444 Sum
842 1418 1010 1444 Florianum.

476 1462 526 1488 Ob.
544 1462 678 1496 Georgius
703 1461 761 1495 pbr.
781 1461 814 1487 de
834 1461 952 1487 Mans-ee.
999 1460 1146 1486 Udalrieus
1178 1468 1218 1485 ev,
1241 1459 1273 1485 de
1298 1459 1446 1485 Gottwioo.
1488 1458 1683 1492 sigismundus
1709 1458 1768 1491 pbr.
1787 1459 1820 1485 de

525 1505 718 1532 Seittenstetn.
760 1504 791 1530 Di
818 1504 959 1536 Iodocus⁴)
990 1505 1017 1529 et
1042 1503 1209 1529 &hardus-⁶>
1236 1502 1330 1530 abbes,
1356 1501 1548 1529 Sebastianus.
1576 1501 1711 1535 Georgius
1734 1501 1821 1527 Wolf-

526 1557 634 1582 gangus
654 1548 712 1581 pbri
732 1548 764 1573 de
786 1547 1003 1573 Cremsminster.
1041 1546 1178 1572 Martinus
1201 1545 1276 1579 prior
1301 1545 1327 1570 in
1346 1545 1449 1571 Altacl]
1471 1544 1620 1578 Superiori.
1658 1544 1688 1570 D.
1704 1545 1820 1571 Ioannes

527 1591 672 1617 Severinus
698 1600 775 1624 ppos.
795 1590 829 1616 ad
856 1591 912 1616 Sum
929 1590 1109 1621 Nicolaum&
1151 1588 1312 1614 Ambrosius
1333 1587 1391 1621 pbr.
1412 1587 1440 1613 in
1460 1587 1588 1614 Admont.
1627 1587 1693 1614 Otto
1713 1587 1772 1620 pbr.
1793 1586 1820 1612 in

527 1634 743 1660 Cremsminster.

481 1676 530 1703 Ob.
545 1676 740 1710 Cristophorus
760 1677 819 1710 pbr.
834 1677 867 1702 de
886 1676 1047 1709 Salzburga.
1079 1674 1217 1700 Martinus
1235 1673 1359 1699 subdiac.
1373 1673 1406 1699 de
1422 1673 1584 1699 Ratisbona.
1622 1673 1652 1699 D.
1664 1673 1821 1699 Ludovicus

528 1720 591 1746 abb.
610 1720 643 1745 de
663 1720 807 1752 Mellico.⁷])
846 1719 992 1752 Philippus
1013 1718 1079 1751 pbr..
1094 1717 1269 1743 Christianus
1289 1726 1329 1742 ον.
1347 1717 1380 1742 (18
1408 1716 1526 1742 Mansee.
1565 1716 1681 1742 Iacobus
1705 1715 1821 1742 clericus

526 1763 559 1788 de
572 1762 692 1789 Mellico.
723 1762 752 1788 P.
769 1761 931 1788 Lambertus
946 1761 1015 1794 prof.
1029 1760 1140 1786 ibidem.
1169 1760 1200 1786 D.
1215 1760 1372 1785 Edmundus
1386 1759 1448 1785 abb.
1464 1759 1665 1791 Mellicensis.⁸)
1698 1759 1820 1784 Andreas

530 1805 589 1838 pbr.
604 1805 639 1831 ad
658 1805 712 1831 Sum
730 1805 897 1831 Florianum.
936 1804 1083 1830 Udalricus
1103 1803 1161 1837 pbr.
1173 1802 1424 1836 Cremiphanensis.

477 1847 526 1874 Ob.
547 1849 664 1874 loannes
685 1850 713 1874 et
737 1849 851 1874 Ioannes
877 1848 936 1881 pbri
962 1847 994 1873 de
1014 1847 1177 1872 Ratisbona.
1222 1847 1337 1872 Ioannes
1359 1846 1392 1871 de
1420 1845 1573 1875 Gottwieo‚
1603 1845 1759 1870 Leonarclus
1787 1844 1821 1870 de

526 1891 638 1917 Mellico
659 1891 727 1924 pbri.
765 1891 888 1916 Andreas
909 1899 949 1916 ον.
968 1890 1000 1916 (18
1021 1890 1140 1915 Mansee.
1178 1890 1208 1915 D.
1229 1889 1374 1915 Chilianus
1399 1889 1462 1914 abb.
1478 1888 1510 1914 de
1537 1887 1639 1914 Altaeh
1662 1887 1820 1918 Inferiori.⁹)

525 1934 650 1960 Andreas
675 1934 733 1967 pbr.
754 1933 782 1958 iu
809 1933 972 1967 Tegernsee.
1015 1932 1148 1966 Georgius
1171 1932 1300 1966 supprior
1328 1932 1361 1958 de
1388 1934 1465 1957 Seon.
1509 1931 1626 1957 Ioannes
1650 1930 1821 1956 Hermanuus

527 1977 585 2010 pbr.
600 1976 633 2002 de
647 1976 889 2010 Closterneuburg.
922 1975 1083 2002 Matthaeus
1103 1975 1160 2008 pbr.
1176 1975 1209 2001 de
1224 1975 1353 2000 Admout.
1387 1973 1536 2007 Gregorius
1556 1973 1614 2006 pbr.
1635 1982 1659 1998 n.
1675 1982 1696 1999 c.
1732 1973 1822 1999 Maria

528 2019 647 2053 Ios-epha
666 2019 798 2052 priorissa
818 2019 844 2044 in
859 2018 992 2052 Nunberg
1007 2018 1169 2052 Salisburgi.
1201 2017 1332 2043 Placidus
1352 2017 1411 2056 pbr.
1428 2019 1457 2043 et
1470 2024 1635 2042 oeconomus
1655 2015 1683 2041 in
1703 2015 1822 2041 Mansee.

529 2062 660 2088 Placidus
679 2061 738 2095 pbr.
753 2061 781 2086 in
804 2061 1066 2094 Weichenstephan.
1104 2060 1238 2086 Henrious
1257 2060 1324 2086 Otto
1345 2060 1402 2086 dec.
1418 2058 1631 2092 Hospitalensis.

476 2104 526 2131 Ob.
542 2105 698 2131 Leonardus
713 2104 772 2138 pbr.
800 2104 941 2130 Conradus
956 2113 997 2130 ov.
1011 2104 1044 2130 de
1059 2103 1277 2130 Cremsminster.
1304 2103 1490 2137 XVolfgangus
1504 2102 1538 2128 (18
1552 2101 1670 2127 Mellioo.
1702 2101 1822 2127 Thomas

528 2150 556 2174 et
574 2148 738 2174 Laurentius
759 2147 791 2173 de
806 2147 960 2181 Tegernsee
981 2147 1047 2180 pbri.
1079 2146 1243 2172 Franciseus
1264 2146 1322 2180 pbr.
1338 2146 1371 2172 (18
1386 2145 1629 2178 Closterneuburg.
1668 2144 1823 2170 Ludovicus

529 2191 587 2224 pbr.
613 2190 833 2224 Tegernseensis.
881 2190 1079 2216 Constantinus
1108 2190 1166 2223 pbr.
1192 2190 1224 2216 de
1254 2189 1473 2216 Cremsminster.
1520 2187 1675 2214 Ludovieus
1703 2187 1762 2220 pbr.
1789 2187 1822 2213 de

527 2233 749 2260 Seittenstetten.
782 2233 945 2259 Lambertus
964 2233 1024 2266 pbr.
1039 2233 1072 2258 (18
1086 2232 1233 2259 Gottwico.
1266 2232 1422 2258 Bernardus
1436 2232 1496 2265 pbr.
1511 2231 1539 2257 in
1558 2230 1657 2257 Suben.
1689 2230 1822 2263 Iosephus

528 2277 587 2310 pbr.
602 2276 629 2302 in
650 2276 827 2303 Oberaltaoh.
866 2276 995 2302 Placidus
1015 2276 1074 2309 pbr.
1090 2275 1117 2301 in
1137 2276 1235 2302 Mettu.

479 2318 529 2346 Ob.
545 2319 666 2345 Thomas
680 2319 808 2345 Tuchuer
821 2321 850 2345 et
864 2318 1016 2345 Catharina
1035 2327 1110 2344 soror
1124 2318 1191 2348 eius,
1211 2318 1401 2344 benefactores
1420 2318 1455 2343 ni.
1490 2316 1627 2342 Antonius
1647 2317 1675 2341 et
1688 2314 1822 2348 Georgius

527 2363 587 2396 pbri
600 2363 628 2388 iu
642 2363 805 2396 Tegernsee.
843 2363 977 2396 Iosephus
996 2362 1054 2395 pbr.
1069 2362 1102 2388 (18
1116 2362 1216 2388 Mettn.
1246 2361 1367 2387 Thomas
1386 2360 1446 2394 pbr.
1462 2361 1490 2385 in
1505 2359 1624 2385 Mansee.
1655 2357 1822 2383 Eustachius

529 2406 587 2439 pbr.
605 2406 634 2431 in
653 2405 772 2432 Mansee.
809 2406 926 2439 Magnus
946 2405 1004 2438 pbr.
1025 2405 1136 2431 ibidem.
1178 2404 1296 2430 Ioannes
1316 2412 1357 2429 CV.
1377 2403 1403 2428 in
1425 2400 1690 2434 Weiclienstephan.
1728 2399 1821 2425 Simon

529 2449 587 2482 pbr.
606 2449 640 2475 (le
659 2449 757 2475 Beurn.
802 2448 940 2481 Caspai-us
965 2448 1022 2482 pbr.
1043 2448 1077 2474 ad
1102 2447 1157 2473 Sum
1178 2447 1345 2473 Florianum.
1388 2445 1505 2471 Severus
1524 2444 1584 2477 pbr.
1603 2443 1636 2469 de
1660 2442 1759 2468 Altach
1781 2443 1822 2468 In>

529 2491 630 2518 seriori.
667 2491 805 2517 Guarinus
824 2491 884 2524 pbr.
898 2491 931 2517 de
952 2490 1192 2523 Closterneuburg.

275 2621 293 2652 ¹)
315 2619 361 2646 ob.
375 2628 400 2646 a.
411 2622 482 2646 1473.
633 2621 653 2649 2’)
677 2619 724 2645 Oh.
738 2628 762 2645 (ι.
777 2622 848 2646 1673.
1001 2620 1021 2647 ³)
1045 2618 1088 2644 Ol».
1103 2627 1127 2643 a.
1140 2621 1208 2644 1678.
1357 2618 1376 2649 ⁴)
1397 2615 1442 2641 Ob.
1457 2624 1481 2640 a.
1498 2618 1557 2640 1571
1576 2621 1659 2639 mense
1678 2613 1820 2638 Ianum-Io.

170 2663 190 2694 ὅ)
214 2662 258 2688 Ob.
275 2672 300 2689 a,
311 2666 377 2689 1588
395 2663 480 2689 Mart.
491 2665 528 2689 31.
631 2663 651 2693 ⁶)
673 2662 718 2688 ob.
733 2666 838 2688 (ι.169().
945 2664 964 2693 ⁷)
985 2661 1021 2687 H.
1037 2670 1062 2687 n.
1073 2660 1142 2691 HL,
1162 2660 1200 2686 ob.
1214 2669 1238 2686 a.
1251 2662 1324 2686 1430.
1427 2660 1447 2690 ⁸)
1472 2657 1516 2683 Ob.
1531 2659 1635 2682 (1.1679.
1742 2657 1762 2687 ”)
1782 2654 1819 2680 H·

170 2714 194 2731 ιι.
205 2705 238 2738 Ι.,
257 2705 296 2732 ob.
310 2714 335 2731 α.
348 2708 417 2732 1534.

272 2756 356 2783 ΝΕΕΒ.
370 2758 538 2783 ALDERSBAO.
556 2762 603 2783 etc.
1581 2751 1613 2776 45
