2054 2948
751 86 1016 116 NECROLOGIUM
1036 91 1253 122 GARSTENSE.
1768 112 1830 143 355

236 162 285 189 ΙΙΙ.
299 163 354 191 kal.
400 165 442 193 29.
488 167 538 194 Ob.
557 168 678 197 Michael
698 172 790 198 Aurea
808 172 917 206 Penna,
937 174 1098 203 benefactor
1121 187 1146 204 n.
1184 179 1215 206 D.
1230 181 1320 208 Zacho
1341 184 1439 218 (ΛΑΝ),
1460 187 1594 223 Georgius
1619 194 1645 218 et
1669 193 1829 223 Ambrosius

534 210 595 244 pbri
614 211 643 238 in
662 213 824 247 Tegernsee.
863 216 984 244 Thomas
1002 219 1062 252 pbr.
1076 220 1109 246 de
1130 221 1290 250 Ratisbona.
1329 226 1489 256 Leon-ardus
1509 233 1537 257 et
1556 232 1748 266 sigismundus
1767 238 1828 272 pbri

534 253 568 280 de
587 253 664 281 Seon.
701 256 814 283 Maurus
832 258 916 292 prior,
936 260 1103 289 Benedictus
1123 265 1151 290 et
1170 264 1288 292 Ioannes
1308 268 1367 301 pbri
1387 270 1416 296 in
1430 271 1615 302 Mallerstorff.
1654 277 1750 306 Gallus
1768 289 1825 309 acc.

532 295 643 324 ibidem.
680 297 829 333 Gregorius
848 301 907 334 pbr.
922 303 1101 332 Mellicensis.
1138 307 1270 335 Ernestus
1290 311 1349 344 pbr.
1368 312 1396 338 in
1415 314 1580 351 Altenburg.
1617 319 1765 349 Menradus
1785 333 1825 352 cv.

531 339 566 365 ad
586 340 682 367 Scotos
702 341 835 370 Viennae.

237 376 281 406 ,IL
295 376 352 404 kal.
397 379 439 406 30.
485 380 534 407 Ob.
552 382 668 409 Ioannes
687 387 715 411 et
735 385 951 420 Christophorus
976 389 1036 423 pbri
1060 391 1093 417 de
1113 391 1144 417 SC·
1158 392 1340 423 Emmeramo.
1378 399 1498 427 Michael
1524 402 1557 429 de
1577 405 1713 440 Augusta,
1736 409 1824 436 Wolf-

530 433 639 458 gangus
665 427 698 453 de
719 428 820 455 Altach
840 429 980 464 Superiori
1005 433 1073 466 pbri.
1113 434 1252 470 Casparus
1272 442 1299 465 et
1321 440 1507 477 Wolfgangus
1526 446 1585 478 pbri
1605 448 1638 474 de
1657 449 1760 477 Altach
1780 453 1823 479 In-

529 467 629 494 feriori.
672 469 828 498 Bernardus
853 473 913 506 pbr.
933 475 966 500 de
993 475 1235 514 Clostemeuburg.
1274 482 1412 517 Casparus
1431 487 1488 519 pbr.
1509 488 1541 515 de
1561 490 1706 520 Lambaco.
1744 495 1823 524 Inno-

529 510 637 537 centius
660 512 719 545 pbr.
738 513 770 539 de
794 515 897 542 Altach
924 517 1060 545 Inferiori.
1102 521 1225 549 Adamus
1250 524 1309 557 pbr.
1328 526 1356 552 in
1376 527 1506 561 Scheyrn.
1550 534 1696 562 Anselmus
1716 538 1774 570 pbr.
1793 540 1821 566 in

526 552 654 579 Admont.
692 555 847 584 Ber-nardus
867 561 895 585 et
915 560 1094 593 Raymundus
1115 564 1175 597 pbri
1194 567 1229 592 ad
1249 567 1346 594 Scotos
1366 569 1499 598 Viennae.
1538 574 1568 601 D.
1583 576 1718 612 Georgius
1738 581 1820 616 Aegi-

526 595 587 621 dius
605 597 796 631 archipraesul
815 601 849 627 ad
869 601 925 627 Sum
940 603 1091 631 Martiuuni
1112 607 1140 633 in
1161 608 1292 643 Ungaria.
1331 612 1360 638 D.
1376 613 1555 643 Sebastianus
1575 627 1651 652 ppos.
1665 621 1694 647 in
1714 622 1820 652 Cbiem—

523 640 600 671 see.²)
636 639 756 667 Michael
776 643 832 676 pbr.
848 643 876 670 in
896 645 1137 676 Raittenhaslach.

872 760 1109 800 OCTOBER.

280 822 336 849 kal.
402 825 423 850 1.
470 825 518 852 Ob.
534 826 690 855 Fridericus
703 839 751 857 rex
765 831 950 861 Romanorum
959 838 988 868 ³),
1004 837 1164 866 benefactor
1176 849 1201 866 n.
1232 841 1390 876 Stephanus
1406 855 1445 873 ον.
1460 847 1488 874 in
1504 849 1665 884 Tegernsee.
1691 855 1815 890 Ioannes,

521 870 668 904 Georgius,
698 874 843 907 Nicolaus,
871 877 1039 906 Benedictus
1065 882 1126 915 pbri
1153 885 1182 910 et
1210 884 1241 910 D.
1263 886 1378 914 loannes
1408 890 1471 917 abb.
1496 891 1529 919 de
1559 894 1590 919 SO
1608 895 1814 934 Emmeramo.⁴)

520 913 636 940 Iacobus
650 915 710 949 pbr.
725 917 758 944 de
772 918 849 946 Cella
864 920 976 949 Mariae.
1009 923 1125 951 Ioannes
1143 928 1171 952 et
1185 927 1379 961 Sigismuudus
1397 932 1458 965 pbri
1471 934 1505 961 de
1520 935 1639 965 Mansee.
1671 940 1813 971 Castor-ius

518 956 578 989 pbr.
598 957 626 983 in
651 958 815 993 Tegernsee.
864 963 1013 998 Philippus
1042 967 1116 1000 prior
1143 969 1176 996 de
1203 970 1234 996 SO
1260 971 1442 1002 Emmeramo.
1485 977 1673 1009 Theodorieus
1699 985 1758 1018 pbr.
1779 988 1812 1015 de

520 998 737 1029 Cremsmiuster.
792 1004 972 1034 Sebastianus
1005 1009 1064 1042 pbr.
1087 1014 1115 1037 et
1142 1020 1306 1040 oeconomus
1338 1016 1449 1044 ibidem.
1496 1020 1668 1055 sigisbertus
1696 1029 1756 1061 pbr.
1783 1031 1811 1057 in

518 1041 760 1072 Raittenhaslach.
797 1047 918 1076 Michael
945 1051 1004 1084 pbr.
1017 1052 1044 1078 in
1065 1054 1134 1080 Attl.
1171 1055 1283 1083 Maurus
1303 1058 1362 1091 pbr.
1381 1061 1416 1086 ad
1437 1062 1493 1088 8¹¹⁷ss
1507 1064 1619 1093 Petrum
1646 1068 1810 1107 salisburgi.

517 1083 650 1112 Ernestus
670 1088 729 1121 pbr.
749 1089 971 1119 Cremifanensis.
1009 1095 1169 1123 Edmuudus
1192 1099 1251 1132 pbr.
1272 1100 1448 1130 Melliceusis.
1491 1106 1634 1136 Marianus
1657 1112 1716 1146 pbr.
1731 1115 1809 1143 Gott-

516 1127 651 1155 wicensis.
690 1130 854 1160 Tilmannus
874 1135 934 1167 pbr.
954 1136 981 1162 in
1002 1139 1118 1165 canonia
1137 1140 1546 1180 Augustiniano-Leopoldinm

462 1167 511 1195 Ob.
527 1169 710 1199 Wolfhardus
724 1175 906 1209 Innprukher,
920 1178 1081 1207 benefactor
1091 1191 1116 1207 n.
1142 1183 1172 1209 D.
1188 1184 1301 1211 Carolus
1315 1187 1410 1221 amm),
1426 1190 1560 1225 Georgius
1574 1195 1632 1228 pbr.
1647 1196 1674 1223 in
1690 1198 1808 1234 Tegei-n-

513 1221 565 1239 see.
598 1215 722 1242 Andreas
743 1220 771 1243 et
792 1218 938 1247 Udalricus
959 1222 1019 1256 pbri
1039 1224 1071 1250 de
1091 1225 1211 1253 Mansee.
1242 1227 1399 1257 Fridericus
1419 1233 1478 1266 pbr.
1517 1235 1663 1265 Udalricus
1682 1243 1806 1272 subdiac.

392 1167 415 1192 ge

215 1160 262 1189 Vi.
276 1172 338 1191 non.

512 1255 546 1282 de
569 1257 733 1286 Ratisbona.
774 1261 887 1289 Maurus
912 1265 970 1298 pbr.
991 1266 1024 1292 de
1048 1267 1149 1294 Altach
1173 1270 1323 1304 Superiori.
1361 1274 1481 1303 Michael
1506 1281 1534 1305 et
1554 1280 1721 1311 Benedictus
1746 1287 1805 1320 pbri

511 1298 544 1325 de
558 1299 764 1330 Seittenstettn.
798 1305 944 1340 Dionysius
965 1308 1034 1336 diac.
1050 1310 1160 1338 ibidem.
1193 1314 1373 1343 Sebastianus
1392 1319 1467 1352 prior
1486 1320 1513 1347 in
1528 1322 1626 1351 Mettn.
1658 1326 1803 1357 Bartholo—

510 1350 604 1369 maeus
623 1344 681 1378 pbr.
693 1345 721 1371 in
737 1347 900 1381 Tegernsee.
933 1351 1054 1379 Adamus
1072 1355 1132 1387 pbr.
1148 1355 1180 1382 de
1199 1356 1349 1385 Lainbach.
1383 1361 1520 1396 Casparus
1533 1367 1625 1392 novius
1643 1368 1670 1395 iu
1686 1370 1803 1400 Closter-

508 1385 642 1420 neuburg.
674 1387 846 1423 Theophilus
865 1392 980 1420 clericus
1001 1395 1034 1422 de
1054 1396 1201 1426 Gottwico.
1233 1400 1377 1436 Rudgerus
1395 1405 1523 1439 subprior
1541 1409 1574 1435 de
1593 1410 1670 1438 Cella
1689 1414 1801 1444 Mariae.

509 1428 665 1457 Ioachimus
685 1441 725 1459 cv.
741 1433 768 1459 in
788 1435 907 1470 Polling.

458 1468 508 1496 Ob.
523 1471 668 1505 Perausch,
689 1475 850 1504 benefactor
868 1488 892 1505 n.
936 1480 1114 1509 Theobaldus
1138 1487 1166 1511 et
1185 1485 1305 1514 Michael
1332 1489 1391 1522 pbri
1416 1491 1449 1518 de
1473 1493 1593 1522 Mellic0.
1636 1498 1802 1528 Laurentius

506 1514 566 1547 pbr.
580 1525 605 1542 n.
621 1526 640 1542 c.
685 1518 816 1546 Albertus
841 1521 874 1548 de
894 1522 971 1550 Cella
990 1525 1108 1558 Mariae,
1135 1527 1239 1555 Paulus
1261 1530 1295 1556 de
1314 1531 1426 1560 Mansee
1447 1535 1515 1568 pbri.
1551 1538 1710 1569 Leonardus
1729 1544 1799 1572 diac.

503 1556 536 1583 de
561 1558 722 1595 Salzburga.
762 1563 916 1598 Leopoldus
943 1567 1004 1600 pbr.
1024 1569 1057 1594 (16
1082 1569 1324 1608 Closterneuburg.
1367 1576 1503 1605 Martinus
1523 1581 1582 1614 pbr.
1598 1583 1631 1610 de
1650 1585 1798 1616 Gottwico.

505 1599 636 1629 Quirinus
654 1603 713 1637 pbr.
734 1605 768 1632 de
787 1607 950 1641 Tegernsee.
988 1610 1029 1637 Fr.
1045 1612 1203 1640 Edmundus
1222 1616 1255 1642 de
1276 1617 1380 1644 Altach
1400 1620 1534 1650 Inferiori.
1570 1625 1750 1656 Sebastianus
1770 1634 1799 1658 et

387 1467 411 1493 ρει

223 1462 255 1489 V.
269 1472 333 1491 nou.

502 1642 657 1672 fridericus
677 1647 736 1680 pbri
756 1648 783 1675 in
803 1650 933 1678 Admout.
971 1653 1002 1680 D.
1016 1655 1142 1688 ignatius
1161 1657 1226 1684 abb.
1241 1659 1275 1685 ad
1295 1660 1351 1686 Sum
1372 1662 1574 1693 Emmeramum
1594 1668 1798 1706 Ratisbonae.‹³)

207 1677 332 1707 1V.non.
385 1683 409 1709 4.
456 1683 505 1711 Ob.
526 1686 623 1714 Petrus
651 1689 751 1723 Cliens,
779 1693 940 1722 benefactor
966 1706 991 1722 n.
1032 1697 1164 1726 Nicolaus
1192 1701 1252 1734 pbr.
1273 1703 1301 1728 in
1326 1704 1489 1739 Tegernsee.
1539 1710 1672 1739 Nieolaus
1698 1724 1739 1741 cv.
1763 1717 1797 1743 de

502 1727 663 1758 Ratisbona.
695 1733 798 1761 Tobias
818 1736 878 1769 pbr.
892 1738 925 1764 de
940 1739 1060 1767 Mellico.
1092 1741 1220 1769 Urbanus
1240 1746 1309 1778 prof.
1329 1748 1404 1780 apud
1424 1749 1480 1775 Sum
1494 1751 1681 1786 Lampertum.
1713 1757 1795 1785 Vitus

501 1779 541 1798 (ν.
556 1773 589 1799 (16
603 1773 845 1813 Closterneuburg.
876 1780 992 1809 Ioannes
1011 1784 1071 1817 pbr.
1091 1785 1124 1811 de
1143 1786 1247 1813 Altach
1267 1788 1417 1823 Superiori.
1454 1793 1596 1828 Religiosa
1617 1798 1695 1833 virgo
1715 1801 1795 1830 Anna

500 1816 606 1841 smonh'S
626 1817 651 1843 1a
669 1818 702 1845 de
722 1820 883 1856 Salzburga.
916 1824 1035 1852 Miz-hae]
1057 1827 1115 1860 pbr.
1130 1829 1165 1854 ad
1185 1829 1281 1857 Scotos
1301 1832 1434 1860 Viennae.
1471 1836 1637 1866 Guilielmus
1656 1842 1716 1875 pbr.
1731 1853 1755 1871 n.
1770 1854 1793 1872 c.

498 1857 634 1892 Georgius
667 1862 727 1895 pbr.
754 1872 786 1890 ac
813 1873 868 1892 seu.
898 1867 932 1892 ad
963 1868 1019 1894 Sum
1049 1869 1251 1899 Euuneramum
1290 1874 1469 1905 Ratisbonae.
1528 1881 1640 1909 Maurus
1677 1886 1738 1919 pbr.
1762 1887 1791 1914 in

495 1900 616 1934 Aspach.
653 1904 751 1932 Daniel
770 1907 830 1940 pbr.
844 1908 873 1934 in
893 1909 1134 1948 Closterneuburg.
1172 1916 1336 1944 Guilielmus
1356 1920 1416 1952 pbr.
1431 1921 1790 1963 Claustro-Neoburgensis.

495 1943 637 1971 Amandus
656 1947 716 1980 pbr.
730 1950 934 1978 Gottwieensis.

195 1977 244 2004 111.
258 1987 320 2006 non.
377 1982 400 2009 5.
448 1983 498 2011 Ob.
516 1985 613 2014 Walto
636 1991 805 2019 marchionis
833 1993 1014 2028 domesticus,
1043 1998 1200 2027 benefactor
1226 2011 1252 2028 n.
1303 2004 1469 2035 Guilielmus
1493 2018 1549 2037 acc.
1574 2012 1602 2038 in
1626 2013 1789 2049 Tegernsee.

498 2027 693 2064 cristophorus
713 2034 784 2061 diac.
799 2035 832 2061 de
852 2037 973 2065 Mellico.
1011 2041 1125 2068 Alexius
1144 2042 1216 2070 diac.
1231 2045 1264 2071 de
1285 2046 1503 2078 Cremsminster.
1540 2055 1662 2083 Adamus
1682 2058 1740 2091 pbr.
1755 2060 1789 2087 de

493 2071 596 2099 Altach
620 2074 752 2103 Inferiori.
795 2079 944 2107 Balthasar
967 2082 1027 2116 pbr.
1046 2084 1079 2110 de
1099 2085 1218 2113 Mansee.
1264 2090 1387 2118 Andreas
1412 2096 1440 2120 et
1460 2095 1635 2124 Burckardus
1655 2102 1684 2126 et
1702 2101 1788 2129 Gode-

493 2115 595 2142 hardus
613 2117 675 2151 pbri
695 2119 727 2146 de
746 2121 850 2148 Altach
870 2123 1004 2152 inferiori.
1041 2127 1072 2153 D.
1087 2128 1203 2156 Iacobus
1222 2131 1371 2167 Philippus
1391 2145 1469 2169 ppos
1484 2139 1519 2164 ad
1539 2140 1595 2165 Sum
1616 2143 1786 2179 AndreanN),

490 2158 560 2191 prof.
578 2160 605 2185 in
632 2160 874 2199 Closterneuburg.
916 2167 1015 2195 Petrus
1039 2170 1098 2203 pbr.
1119 2172 1155 2197 ad
1182 2173 1238 2198 Sum
1266 2175 1378 2203 Petrum
1407 2179 1570 2216 Salisburgi.
1618 2185 1786 2215 Adalbertus

490 2200 550 2233 pbr.
562 2201 589 2228 in
601 2203 763 2238 Tegernsee.
790 2207 919 2235 Placidus
933 2210 992 2244 pbr.
1004 2212 1040 2238 ad
1050 2212 1147 2240 Scotos
1159 2215 1291 2244 Viennae.
1318 2220 1443 2248 Andreas
1454 2224 1513 2256 pbr.
1523 2224 1785 2258 SeittenstettensiS.

206 2235 241 2262 Π.
256 2245 320 2263 nou.
375 2240 398 2266 6.
445 2241 494 2268 Ob.
512 2243 646 2272 Henricus
669 2247 702 2273 de
726 2248 794 2281 Ror,
824 2250 986 2279 benefactor
1009 2263 1034 2281 n.
1080 2256 1112 2282 D.
1130 2256 1287 2286 Fridericus
1310 2262 1373 2289 abb.
1387 2273 1412 2289 n.
1428 2267 1475 2299 c.⁸)
1517 2267 1653 2296 Martinus
1676 2272 1736 2305 pbr.
1751 2274 1784 2301 de

487 2285 590 2313 Altaeh
625 2289 759 2317 Inferiori.
813 2293 987 2323 Christianus
1019 2298 1078 2331 pbr.
1101 2299 1134 2326 de
1162 2300 1310 2331 Gottwico.
1364 2306 1529 2341 Lampertus
1560 2311 1620 2344 pbr.
1643 2313 1676 2339 de
1704 2315 1782 2342 Seon.

490 2328 648 2357 Leonardns
673 2335 802 2367 supprior
827 2337 860 2363 de
886 2338 989 2365 Altach
1014 2341 1150 2370 Inferiori.
1192 2346 1317 2373 Andreas
1340 2349 1463 2377 subdiac.
1484 2352 1517 2378 de
1541 2354 1781 2392 Closterneuburg.

487 2371 609 2400 Miehael
633 2375 690 2402 dec.
711 2380 739 2403 et
757 2387 812 2405 sen.
832 2379 942 2408 ibidem.
978 2382 1171 2418 Sigismundus
1196 2388 1256 2421 pbr.
1275 2390 1310 2416 ad
1329 2391 1425 2419 Scotos
1444 2394 1576 2423 Viennae.
1615 2398 1782 2428 Benedictus

486 2413 545 2447 pbr.
560 2415 588 2442 in
606 2417 732 2453 Prifling.

251 2459 315 2477 non.
371 2453 393 2480 7.
439 2454 488 2482 Ob.
503 2457 612 2486 Ulricus
633 2460 837 2496 Wenzhneber,
857 2465 1017 2495 benefactor
1040 2479 1065 2497 n.
1103 2472 1221 2500 loannes
1247 2475 1280 2502 de
1299 2477 1441 2511 Augusta,
1466 2481 1600 2515 Aegidius
1620 2483 1653 2510 de
1673 2484 1778 2512 Crems-

485 2499 600 2528 minster
618 2503 687 2536 pbri.
720 2505 751 2532 D.
766 2506 902 2542 Georgius
920 2510 984 2538 abb.
999 2512 1032 2539 de
1051 2513 1154 2548 Seon.³³)
1187 2517 1366 2546 Innocentius
1385 2522 1454 2554 prof.
1469 2523 1502 2550 de
1524 2525 1624 2552 Altach
1645 2527 1778 2556 Inferiori.

229 2615 249 2646 1)
273 2615 317 2643 Ob.
326 2620 390 2649 post
407 2627 432 2644 α.
446 2623 505 2647 804.
639 2626 659 2657 2)
678 2626 716 2653 H.
730 2635 756 2654 n.
767 2628 814 2661 IL,
835 2630 873 2656 ob.
887 2640 911 2658 α.
921 2636 988 2659 1691.
1126 2638 1146 2670 3)
1163 2638 1228 2664 Dies
1247 2642 1339 2668 anniv.
1354 2643 1382 2668 in
1403 2644 1505 2670 nullum
1525 2646 1693 2673 Friderieum
1711 2652 1776 2675 certe

122 2653 217 2685 referri
230 2660 322 2689 potest.
453 2663 473 2695 ⁴)
493 2664 528 2690 H.
544 2666 631 2699 ›z.H.,
650 2668 687 2695 ob.
701 2678 725 2696 (ι.
738 2675 808 2698 1493.
938 2678 960 2708 ⁵)
979 2677 1024 2702 Ad
1041 2686 1115 2711 quem
1130 2682 1270 2713 pertinet?
1400 2688 1419 2716 ὓ)
1444 2686 1489 2713 Ob.
1503 2691 1608 2722 ‹c.1694‚
1628 2689 1683 2716 dies
1702 2692 1775 2718 varie

119 2696 243 2726 traditur.
350 2705 370 2736 ⁷)
394 2704 441 2731 Ob.
455 2714 480 2732 a.
492 2711 561 2734 1628.
669 2714 689 2737 ΒΣ
714 2712 807 2740 Utrum
827 2715 851 2742 I.
872 2726 909 2743 aa
928 2719 977 2752 ΙΙ.,
997 2721 1123 2748 incertum
1141 2727 1186 2750 est.
1293 2728 1314 2758 9)
1339 2727 1383 2754 Ob.
1403 2732 1514 2756 a.1533.

1513 2782 1563 2807 45⁴³
