2054 2948
720 91 986 118 NECROLOGIUM
1004 91 1223 119 GARSTENSE.
1737 97 1798 127 327

507 177 538 203 D.
559 177 693 212 Georgius
713 177 776 204 abb.
794 176 1001 209 GlunicensiS.¹)
1044 177 1183 203 Romanus
1210 178 1269 211 pbr.
1290 178 1322 204 de
1346 178 1416 204 Attl.
1468 179 1633 206 Elisabetha
1659 179 1798 206 Richildis

506 221 582 254 profss
596 220 624 246 in
638 220 857 246 Hochenwarth.
888 219 1036 246 Udalricus
1050 219 1110 253 pbr.
1123 219 1151 245 in
1165 219 1382 247 Michaelbeurn.
1414 221 1545 248 Placidus
1559 222 1617 256 pbr.
1632 223 1660 248 iu
1679 223 1799 257 Tegem-

506 272 559 290 see.
596 263 729 289 Paulinus
749 263 809 296 pbr.
821 262 857 289 ad
877 262 933 288 sum
947 262 1052 289 Vituin.

271 315 338 333 non.
393 307 417 333 5.
463 306 513 333 Ob.
528 306 559 332 D.
573 306 739 337 Fridericus,
759 306 822 332 abb.
835 315 861 331 n.
875 307 921 337 οἳ)
952 305 1086 339 Georgius
1106 306 1165 338 pbr.
1180 305 1208 330 in
1227 305 1329 330 Altach
1348 305 1499 339 Superiori.
1530 307 1676 334 Udalricus
1689 308 1750 341 pbr.
1766 308 1799 335 de

506 349 718 383 Reichersperg.
745 349 914 382 Augustinus
925 348 985 382 pbr.
995 347 1030 374 ad
1041 347 1097 374 Sum
1106 348 1218 374 Petrum
1230 347 1394 382 Salisburgi.
1420 348 1554 383 Georgius
1566 349 1625 383 pbr.
1634 351 1667 377 de
1679 351 1799 377 Altaclm.

506 392 640 418 Inferiori.
672 391 793 418 Michael
807 391 866 425 pbr.
878 391 912 418 de
926 391 1005 418 Cella
1018 390 1132 417 Mariae.
1164 391 1195 417 D.
1206 390 1328 416 Thomas
1341 391 1404 417 abb.
1415 391 1622 425 Glu11icensis.³)
1651 393 1799 427 Gregorius

508 435 567 468 pbr.
583 435 616 461 de
631 434 780 461 Gottwico.
812 434 976 460 Franciscus
990 434 1050 468 pbr.
1064 433 1091 459 in
1106 433 1266 467 Willering.
1297 433 1506 460 Maximilianus
1526 435 1585 468 pbr.
1597 435 1798 462 Admontensis.

176 478 252 504 VIII.
266 477 301 504 id.
385 479 409 505 6.
455 477 506 504 Ob.
516 479 548 504 D.
560 477 724 504 Vincentius
737 478 801 504 abb.
812 478 847 503 ad
860 477 916 503 Sum
931 477 1081 509 Paulunffl)
1107 476 1243 503 Matthias
1257 477 1317 510 pbr.
1329 477 1361 502 de
1376 476 1584 512 Beichersperg.
1612 478 1801 504 Ferclinandus

507 520 539 546 de
553 520 716 547 Formbach.
748 520 864 546 Iacobus
884 520 944 553 pbr.
959 522 987 546 et
1000 519 1092 546 senior
1105 519 1137 546 de
1152 519 1304 546 Chiemsee.
1335 519 1518 547 Sebastianus
1531 520 1592 554 pbr.
1605 521 1641 547 ad
1654 521 1710 547 Sum
1724 520 1801 547 Eme-

504 572 620 589 ramum.
657 563 689 589 D.
705 564 822 590 Ioannes
841 563 905 589 abb.
919 562 1125 595 Glunicensisfl)

191 605 251 632 VH.
265 605 301 631 id.
386 606 410 632 7.
457 606 509 632 Ob.
523 606 658 632 Antonius
678 615 719 632 ον.
734 606 767 632 de
786 606 888 632 Altach
908 605 1043 632 Inferiori.
1074 605 1105 632 D.
1120 605 1288 631 Bertholdus
1307 604 1371 631 abb.
1388 614 1413 631 n.
1427 607 1475 637 αὖ)
1508 605 1538 631 D.
1550 606 1670 632 Thomas
1689 607 1800 640 pp05.'³).

508 650 623 675 loannes
644 649 703 682 pbr.
717 649 751 675 de
770 649 980 682 Reichersperg.
1015 649 1046 674 D.
1061 647 1233 682 Augustinus
1252 656 1330 682 ppos.
1338 649 1360 680 θ’)
1369 650 1389 680 ⁷)
1409 648 1521 675 ibidem.
1558 648 1722 675 Guilielmus
1742 650 1802 682 pbr.

505 692 533 718 in
546 692 674 718 Admont.
705 691 850 719 Matthias.
881 692 1017 718 Henricus
1030 691 1088 725 pbr.
1101 700 1132 717 ac
1148 691 1285 725 parochus
1298 691 1326 716 in
1340 690 1431 722 Riedt,
1446 700 1506 717 can.
1517 692 1552 718 ad
1562 691 1618 718 Sum
1632 692 1801 719 Florianum.

507 735 550 761 Fr.
564 735 697 769 Iosephus
716 735 745 760 in
765 735 908 761 Chiemsee
931 735 999 768 prof.

214 776 261 802 VI.
277 776 312 802 id.
395 777 419 803 8.
465 777 516 804 Ob.
529 778 561 804 D.
575 778 772 805 Gottschalcus
791 777 855 804 abb.
869 787 894 804 n.
909 779 954 809 (κῇ)
985 777 1114 804 Urbanus
1134 779 1162 803 et
1181 777 1298 803 Ioannes
1317 777 1378 810 pbri
1397 777 1431 803 de
1446 777 1655 811 Reichersperg.
1687 777 1800 804 Carolus

508 821 541 847 de
561 821 724 847 Formbaeh.
763 821 901 854 Caspai-us
921 820 1048 851 clericus,
1075 820 1204 851 Iacobus,
1231 819 1370 853 Casparus
1394 821 1423 846 et
1441 820 1552 847 Samuel
1572 821 1613 847 cvi
1633 821 1661 847 in
1681 821 1800 847 Closter-

505 864 638 897 neuburg.
679 864 710 890 D.
730 864 806 890 Elias
833 863 897 890 abb.
918 862 1131 895 Glunicensis⁹>,
1151 862 1220 896 prof.
1240 862 1488 889 Seittenstetensis.
1528 863 1664 890 Matthias
1686 863 1746 897 pbr.
1766 863 1799 890 de

506 907 654 933 Gottwico.
691 907 722 933 D.
736 906 885 939 Dionisyus
900 905 1168 940 Pru(vening)ensis.
1199 905 1317 938 Prosper
1335 907 1364 931 et
1378 906 1554 932 Burchardus
1573 907 1633 940 pbri
1653 906 1682 932 in
1703 906 1803 932 Baum-

507 949 587 982 burg.
625 949 668 975 Fr.
686 949 817 975 Placidus
841 951 909 982 pros.
925 948 1103 976 Mellicensis.
1145 948 1306 975 Edmundus
1330 949 1390 982 pbr.
1407 949 1442 974 ad
1461 949 1558 975 Seotos
1578 949 1711 975 Viennae.
1749 948 1800 974 Ed<

508 992 624 1018 mundus
645 992 705 1025 pbr.
721 992 972 1026 Cremiphanensis.
1008 992 1099 1018 Maria
1118 991 1293 1018 Scholastica
1312 992 1420 1018 sm0n¹i³
1439 991 1467 1018 in
1486 992 1702 1018 Hochenwarth.

225 1033 257 1059 V.
271 1033 307 1059 id.
390 1034 414 1059 9.
461 1033 510 1060 Ob.
525 1034 623 1060 Petrus
643 1035 753 1061 Stadler
772 1035 934 1061 benefactor
953 1044 978 1060 n.
1017 1035 1141 1067 loannes,
1160 1034 1307 1068 Georgius,
1329 1035 1443 1061 Ioannes
1464 1035 1523 1068 pbri
1543 1035 1576 1061 de
1591 1035 1801 1070 Reichersperg.

509 1076 629 1103 Michael
659 1078 692 1104 de
712 1077 875 1104 Formbacb.
922 1077 953 1103 D.
974 1077 1065 1103 David
1091 1077 1259 1112 Greggorius
1284 1077 1348 1104 abb.
1368 1077 1401 1103 de
1430 1077 1615 1110 Gottwieo.²⁰)
1658 1078 1800 1112 Iosephus.

507 1118 664 1148 Udulricus,
686 1120 826 1146 Romanus
840 1120 909 1154 pbri,
929 1120 1077 1153 Dionysius
1097 1129 1138 1146 ον.
1152 1120 1265 1146 ibidem.
1296 1120 1453 1146 Fridericus
1472 1120 1532 1154 pbr.
1547 1129 1579 1147 ex
1593 1121 1696 1147 Altach
1715 1121 1802 1155 Supe-

506 1161 579 1188 riori.
619 1162 759 1196 Religiosa
781 1162 858 1196 virgo
876 1162 1002 1189 Susanna
1022 1163 1097 1196 profa
1118 1162 1146 1188 in
1165 1163 1345 1197 Niclernpurg
1364 1163 1499 1196 Passavij.
1536 1164 1677 1189 Amandus
1696 1164 1756 1197 pbr.
1768 1164 1801 1191 de

507 1205 610 1231 Altach
624 1205 775 1239 Superiori.
800 1205 933 1232 Nicolaus
948 1205 1008 1239 pbr.
1020 1205 1240 1232 Uremifanensis.
1266 1206 1433 1232 Eustachius
1446 1206 1505 1239 pbr.
1521 1206 1633 1233 ibidem.
1664 1207 1801 1240 Casparus

506 1247 567 1281 pbr.
588 1248 615 1274 in
634 1248 803 1282 Baumburg.
845 1248 994 1282 Gregorius
1018 1248 1077 1282 pbr.
1096 1248 1346 1275 Seittenstetensis.
1386 1248 1511 1275 Ubaldus
1531 1249 1591 1282 pbr.
1610 1249 1637 1275 in
1657 1249 1800 1276 Reichers-

505 1299 583 1325 perg.
620 1291 758 1317 Martinus
777 1291 837 1325 pbr.
851 1300 884 1318 ex
905 1291 1023 1317 canonia
1043 1291 1457 1325 Augustinianoffleopoldina.

210 1333 254 1360 IV.
269 1334 304 1360 id.
373 1334 416 1362 10.
461 1333 511 1360 Ob.
530 1334 724 1368 Cristophorus
749 1335 818 1368 prof.
840 1335 867 1360 in
892 1334 1093 1361 Seittensteten
1117 1343 1149 1360 ac
1172 1334 1310 1368 parochus
1334 1335 1361 1360 in
1385 1334 1518 1362 Neustift.
1560 1336 1692 1362 Nicolaus
1712 1344 1752 1362 cv.
1772 1336 1799 1362 in

505 1377 609 1404 Altach
637 1377 771 1404 inferiori.
814 1378 933 1411 Caspar,
960 1377 1099 1409 Urbanus,
1121 1377 1274 1408 Conradus,
1300 1377 1434 1404 Henricus
1458 1378 1518 1412 pbri
1538 1378 1571 1404 de
1590 1378 1799 1412 Reichersperg.

505 1420 670 1446 Godesridus
690 1421 749 1454 pbr.
765 1421 798 1447 de
818 1421 951 1448 Admont.
987 1421 1154 1447 Benedictus
1177 1421 1211 1447 de
1231 1420 1343 1447 Mellico
1369 1420 1440 1447 diae.
1476 1421 1669 1455 sigismundus
1693 1430 1750 1448 acc.
1767 1421 1800 1448 de

507 1463 611 1490 Altach
640 1463 772 1490 Inferiori.
810 1464 939 1490 Placidus
965 1464 1025 1498 pbr.
1045 1464 1072 1490 in
1093 1463 1231 1497 Priffiing.
1277 1464 1389 1490 Maurus
1413 1464 1472 1498 pbr.
1494 1464 1529 1490 ad
1549 1464 1646 1491 Scotos
1666 1464 1798 1490 Viennae.

508 1506 699 1533 Ferdinandus
720 1507 778 1540 pbr.
793 1507 820 1532 in
841 1507 969 1533 Admont.

210 1549 257 1575 III.
271 1549 308 1576 id.
374 1550 414 1576 11.
461 1549 511 1576 Ob.
528 1549 665 1583 Pilgrinus
685 1549 718 1575 de
737 1549 848 1584 Seggau
868 1552 896 1576 et
911 1550 1031 1576 Perchta
1050 1559 1094 1576 us.
1109 1549 1176 1581 eiuS,
1197 1550 1387 1576 benefactores
1407 1560 1431 1576 n.
1446 1559 1469 1576 c.
1506 1550 1653 1576 Mauritius
1673 1549 1748 1584 prior
1767 1550 1799 1575 de

505 1592 668 1626 Tegernsee.
706 1592 904 1626 Cristophorus
927 1593 961 1619 de
982 1593 1146 1619 Formbach.
1189 1593 1320 1624 Andreas,
1341 1593 1521 1626 Augustinus,
1541 1593 1680 1624 Albertus,
1700 1593 1800 1625 Grego·

505 1636 560 1662 rius
576 1636 637 1669 pbri
651 1636 683 1662 de
699 1636 802 1662 Altach
817 1636 951 1662 Inferiori.
983 1636 1014 1662 D.
1029 1636 1165 1670 Georgius
1179 1636 1243 1662 abb.
1257 1636 1482 1668 Glunicensis11),
1503 1637 1572 1669 prof.
1585 1636 1800 1662 Seittensteten-

505 1678 551 1704 sis.
589 1680 706 1705 Ioannes
728 1679 786 1712 pbr.
806 1679 842 1705 ad
861 1680 958 1705 Scotos
979 1679 1112 1706 Viennae.
1144 1679 1233 1705 Maria
1253 1679 1362 1705 Monica
1381 1687 1432 1705 sor.
1446 1679 1477 1709 1²,
1498 1678 1573 1712 profa
1593 1678 1621 1704 in
1640 1678 1800 1711 Niderburg

506 1722 640 1755 Passavij.
679 1722 800 1748 Basilius
820 1731 861 1748 cv.
875 1722 902 1748 in
924 1722 1053 1755 Prifling.

220 1764 252 1790 11.
266 1764 302 1790 id.
370 1764 410 1790 12.
456 1764 507 1791 Ob.
522 1765 552 1790 D.
572 1765 685 1791 lodocus
704 1764 767 1791 abb.
790 1765 817 1790 in
837 1764 1117 1797 Crembffininsterss),
1140 1765 1210 1798 prof.
1229 1765 1257 1791 in
1284 1765 1404 1791 Mansee.
1441 1763 1575 1798 Georgius
1599 1763 1632 1790 de
1651 1763 1800 1790 Gottwico.

506 1807 573 1834 Otto
598 1810 626 1834 et
647 1808 814 1834 Bertholdus
834 1808 1026 1834 benefactores
1049 1808 1084 1834 ni.
1121 1808 1249 1834 Valerius
1269 1807 1328 1841 pbr.
1347 1807 1373 1833 in
1394 1807 1513 1841 Polling.
1550 1806 1669 1833 Basilius
1688 1807 1747 1840 pbr.
1768 1815 1800 1833 ex

506 1851 608 1877 Altach
626 1850 777 1884 Superiori.
814 1851 845 1876 D.
864 1851 984 1877 Michael
1005 1851 1068 1877 abb.
1088 1850 1314 1883 Glunicensis¹³),
1340 1850 1409 1884 prof.
1424 1849 1600 1876 Mellicensis.
1637 1849 1800 1876 Elisabetha

508 1893 634 1920 Victoria
657 1893 766 1919 novitia
792 1893 820 1919 in
840 1894 1027 1928 Nidernburg.
1065 1894 1198 1927 Iosephus
1222 1893 1282 1927 pbr.
1298 1901 1331 1919 ex
1351 1893 1561 1927 Reichersperg.
1602 1892 1716 1919 Gabriel
1740 1893 1799 1926 pbr.

509 1936 537 1962 in
557 1936 770 1963 Seittensteten.
806 1936 850 1963 Fr.
865 1937 1000 1970 Aegidius
1019 1937 1055 1963 ad
1074 1937 1170 1963 Scotos
1190 1936 1324 1963 Viennae.

265 1979 301 2005 id.
368 1979 408 2006 13.
459 1979 508 2005 Ob.
525 1979 636 2005 Maurus
657 1979 716 2012 pbr.
736 1979 769 2006 de
789 1979 929 2006 Gottvieo.
971 1979 1038 2006 Otto
1065 1979 1228 2006 benefactor
1255 1988 1277 2005 c.
1291 1988 1317 2006 n.
1359 1978 1506 2004 Thadaeus
1526 1978 1586 2012 pbr.
1607 1978 1639 2004 de
1659 1977 1799 2011 Superiori

506 2022 617 2048 Altacli.
655 2022 685 2047 D.
707 2022 883 2048 Abrahamus
902 2022 966 2049 abb.
986 2022 1218 2054 Glunicensisss).
1243 2022 1313 2056 prof.
1328 2021 1504 2048 Mellieensis.
1540 2021 1664 2048 Andreas
1685 2021 1744 2054 pbr.
1765 2021 1799 2046 ad

506 2066 563 2091 sum
583 2065 739 2091 Nicolaum.
783 2065 1015 2098 Chrysosthomus
1039 2066 1098 2099 pbr.
1119 2065 1146 2091 in
1160 2064 1319 2099 Willering.
1360 2064 1534 2091 Reverendus
1558 2064 1589 2090 D.
1608 2063 1800 2090 Ferdinandus

507 2108 673 2134 Guilielmus
693 2108 749 2134 dec.
765 2108 800 2134 ad
819 2108 875 2134 Sum
890 2108 1058 2134 Florianum.

179 2150 249 2176 XIX.
265 2150 319 2177 kal.
366 2151 406 2177 14.
453 2150 507 2177 Ob.
521 2150 648 2177 Ortolfus
668 2151 728 2184 pbr.
742 2151 775 2178 de
790 2151 1007 2178 Cremsminster.
1040 2150 1206 2177 Benedictus
1226 2151 1286 2184 pbr.
1301 2153 1329 2178 et
1347 2150 1423 2185 prior
1441 2151 1474 2177 de
1495 2150 1642 2176 Lamhaco.
1673 2149 1704 2175 D.
1718 2149 1801 2175 Nico-

506 2194 566 2219 laus
585 2194 649 2220 abb.
670 2203 695 2220 11.
715 2197 775 2225 c.¹³)
816 2194 846 2220 D.
864 2194 1020 2221 Bernardus
1043 2202 1121 2228 ppos..
1141 2194 1173 2220 de
1196 2194 1466 2228 Closterneuburgfl)
1506 2192 1664 2226 Adolphus,
1689 2192 1799 2221 Paulus.

506 2237 649 2270 Georgius,
671 2237 811 2269 Nicolaus,
831 2237 968 2264 Martinus
987 2237 1047 2270 pbri
1067 2237 1180 2263 ibidem.
1218 2237 1249 2264 D.
1264 2237 1398 2271 Georgius
1417 2236 1481 2262 abb.
1495 2235 1671 2263 Glunicensis
1690 2235 1758 2268 prof.
1773 2234 1800 2260 in

505 2279 738 2312 Nideraltach.¹⁸)
766 2280 796 2306 D.
811 2281 930 2307 Anterus
945 2289 1023 2314 ppos.
1031 2282 1055 2311 ¹²)
1076 2279 1104 2305 in
1120 2280 1240 2314 Polling.
1271 2279 1461 2306 Hartmannus
1475 2279 1534 2313 pbr.
1548 2278 1661 2305 ibidem.
1685 2279 1800 2304 Ioannes

508 2322 623 2348 Iacobus
642 2323 712 2356 prof.
727 2323 762 2349 ad
781 2323 837 2349 Sum
852 2323 1002 2349 Nicolaum
1022 2322 1160 2356 Passavij.
1197 2323 1335 2349 Romanus
1355 2322 1414 2356 pbr.
1428 2322 1454 2347 in
1475 2321 1739 2354 VVeichenstephan.

248 2392 272 2421 ³)
293 2392 325 2416 [η
343 2393 458 2425 margine
477 2397 618 2418 correctum
632 2402 683 2425 pro
703 2394 809 2418 .abbas‘.

251 2453 270 2484 ¹)
290 2451 357 2478 Duo
369 2451 480 2483 fuerunt
494 2452 600 2478 abbates
617 2452 808 2484 Glzmz'censes;
826 2456 886 2479 uter
900 2453 1072 2486 santificetur,
1094 2452 1202 2478 dubium
1215 2454 1259 2478 est.
1366 2452 1386 2483 ²)
1411 2450 1504 2477 Utrum
1517 2449 1539 2476 I.
1553 2457 1589 2474 (ιη
1602 2449 1650 2481 IL,
1669 2449 1800 2474 incertum

145 2496 188 2519 est.
295 2496 316 2527 ⁸)
340 2495 453 2521 Thomas
472 2494 598 2527 Amfeldt,
619 2495 658 2521 ob.
672 2504 697 2521 a.
709 2499 781 2528 1539,
801 2496 856 2522 dies
875 2504 929 2522 nou
949 2499 1071 2522 constare
1090 2495 1199 2522 ridetur.
1308 2495 1327 2526 ⁴¹)
1351 2493 1516 2519 Ob.a.1610'.
1623 2494 1643 2523 ⁵)
1663 2491 1708 2517 Ad
1727 2499 1800 2524 quenz

142 2537 283 2569 pertineat,
301 2540 400 2563 cerlmn
419 2540 602 2571 aryumentunz
620 2538 697 2564 deest.
779 2540 799 2571 ⁶)
821 2539 866 2566 Ob.
881 2548 906 2566 a.
919 2543 993 2566 1588.
1074 2541 1095 2571 ⁷)
1116 2539 1149 2564 Ιη
1168 2538 1232 2564 serie
1246 2537 1462 2571 praepositorum
1479 2543 1535 2561 non
1554 2537 1634 2561 artat.
1710 2536 1730 2565 Β)
1755 2534 1800 2560 Ob.

146 2587 171 2604 a.
186 2583 260 2606 1294.
366 2581 387 2612 ⁹)
407 2580 482 2606 Fort.
495 2588 569 2607 error
588 2582 748 2614 7zec›·ol09ii‚·
770 2583 800 2607 in
819 2582 999 2608 Seitenstetten
1018 2585 1118 2608 a.1565
1138 2581 1218 2607 abbas
1236 2579 1343 2613 quidam
1363 2579 1442 2605 Elias
1460 2578 1593 2611 depositus
1612 2580 1662 2610 est,
1687 2578 1717 2603 ‘in
1737 2577 1801 2603 serie

147 2621 270 2648 abbatum
293 2622 375 2649 Glzm.
389 2622 468 2649 deest.
588 2625 620 2657 ¹⁰)
645 2624 689 2650 Ob.
703 2628 809 2657 a.1669‚
828 2624 882 2650 dies
900 2633 957 2651 »non
976 2627 1087 2651 constat.
1211 2624 1242 2654 ¹¹)
1266 2622 1305 2654 Cf.
1320 2631 1346 2648 n.
1359 2626 1378 2648 1.
1507 2622 1540 2653 12)
1565 2620 1611 2647 Ob.
1626 2629 1650 2647 a.
1663 2624 1727 2651 1571,
1746 2619 1800 2644 (lies

146 2665 219 2690 varie
238 2665 367 2691 traditur.
494 2667 526 2699 ¹³)
545 2667 582 2692 H.
594 2668 664 2698 ⁷121„
683 2667 719 2693 ob.
730 2670 792 2700 post
810 2676 834 2694 a.
847 2671 918 2693 1570.
1046 2668 1077 2699 Η)
1097 2666 1243 2699 Deposita-s
1262 2674 1286 2691 a.
1298 2669 1366 2696 1574,
1385 2664 1422 2690 ob.
1437 2663 1579 2690 minem-to.
1698 2664 1731 2694 15)
1756 2661 1801 2687 Ob.

147 2710 253 2734 a.1399.
361 2709 392 2741 ¹⁶)
414 2708 584 2741 0b.a.1435‚
605 2709 659 2736 dies
680 2710 750 2736 rav-ie
768 2709 894 2736 traditur.
