2054 2948
236 88 299 131 469

298 174 344 200 IV.
359 173 414 199 kal.
458 172 500 198 29.

298 325 345 351 111.
360 325 414 352 kal.
458 324 500 350 30.

311 478 344 505 ΙΙ.
359 478 414 505 kal.
459 479 500 504 31.

348 718 406 745 kal.
471 718 496 744 1.

298 921 344 947 IV.
358 929 421 948 non.
476 921 500 947 2.

294 1119 341 1145 ΙΙΙ,
356 1127 418 1145 non.

311 1272 344 1299 II.
358 1281 420 1298 non.
473 1272 497 1297 4.

363 1375 424 1393 11011,
478 1367 501 1391 5.

267 1571 340 1598 VIII.
355 1571 390 1598 id.
475 1573 498 1598 6.

282 1827 343 1854 vll.
356 1827 393 1854 id.
477 1829 500 1855 7.

296 1982 341 2008 V1.
356 1982 391 2008 idi
473 1984 496 2009 8.

313 2135 344 2161 V.
359 2134 394 2160 id.
478 2136 502 2161 9.

850 79 1035 106 DIOECESIS
1054 78 1275 105 LENTIENSIS.

547 166 740 199 Christina
764 166 807 197 de
825 165 1086 197 Mezzenbach.
1118 163 1337 206 Syghardus
1353 163 1469 194 Piber
1489 163 1663 204 sepultus
1686 163 1723 194 in
1738 163 1890 204 Znoym.

595 218 745 249 Helena
777 228 834 248 ux.
868 217 957 248 eius.
1011 215 1198 247 Alheidis.
1257 215 1418 246 Ulricus.
1475 214 1734 256 Engelbertus
1766 214 1891 246 dietus

596 269 763 300 Scolaris
788 267 894 299 dedit
917 268 1075 298 vineam.
1121 266 1270 297 Andreas
1293 266 1445 297 Ausseer.

547 320 606 352 Ob.
619 318 1069 361 generosusDAVOIfgangus
1083 328 1164 349 com.
1180 317 1220 348 de
1237 316 1480 358 Sehawnbergk
1499 316 1620 358 <14)84.
1652 317 1827 348 Ortolfus
1840 327 1891 348 cv.

595 370 849 402 VVernhardus
864 380 915 401 cv.
947 369 1182 400 Dietmarus.
1215 367 1367 408 Syboto.
1400 367 1621 399 Ohunradus
1638 368 1682 399 de
1698 367 1891 409 Hartaym.

595 422 782 454 Rudolfus
799 421 911 453 famis.
950 421 1117 452 Otakrus
1142 422 1178 450 et
1194 418 1327 450 Bidico
1351 419 1457 450 filius
1481 420 1561 450 eius
1585 419 1629 450 de
1646 419 1889 451 Lobenstain.

546 473 747 505 Arnoldus.
786 473 970 503 Reinlint.
1009 470 1197 502 Alheidis.
1240 470 1331 512 Mgr.
1355 470 1507 502 Ulrious
1532 470 1575 502 de
1599 471 1893 502 Hartchirchen.

596 524 790 555 Fridricus
813 523 958 554 Walieh
982 522 1102 553 miles.
1150 520 1215 552 Ob.
1239 521 1280 554 D.
1304 521 1494 553 Iohannes
1523 522 1651 553 senior
1683 522 1726 553 de
1755 522 1891 553 Truna.

927 640 1195 676 AUGUSTUS.

542 713 582 743 D.
607 712 789 743 Albertus
805 711 886 741 abb.
904 711 940 741 in
962 710 1053 742 Alto
1071 710 1215 752 Vad0.¹)
1253 710 1449 741 Fridricus
1466 709 1685 741 Schalichel
1709 721 1751 742 m.
1769 713 1805 741 et
1821 721 1893 742 sao.

596 763 793 793 Fridrieus
810 773 861 793 cv.
908 762 1120 793 Katherina
1144 761 1291 793 ‘smonffl³
1315 762 1360 794 de
1384 762 1507 793 Lincz.
1552 761 1592 795 D.
1618 762 1708 793 Otto
1733 772 1823 793 com.
1848 762 1892 793 de

595 813 880 853 Sehaunberch,
899 824 975 844 can.
989 813 1248 853 Pataviensis,
1266 813 1487 845 MOOOXLI
1501 838 1507 845 .
1521 837 1528 844 .
1543 814 1580 855 2³)
1611 813 1894 855 Ghunegundis.

595 865 806 906 Irmgardis
830 865 875 896 de
900 865 1046 896 Wesen,

546 916 759 957 Gregorius
784 927 834 947 ev.
860 916 905 948 de
929 916 1132 948 Altovado.
1174 915 1368 958 Engelrat.
1407 916 1637 948 Diemuedis.
1676 917 1892 958 Philippus,

598 968 793 999 Otakarus
811 968 854 999 de
871 967 1147 999 Lindenberch.
1182 967 1406 999 Ohunradus
1423 967 1467 998 de
1483 967 1760 1008 Hymreezried
1776 968 1893 999 miles.

596 1019 622 1050 P
630 1030 646 1051 e
654 1030 667 1050 r
674 1029 690 1050 c
697 1019 717 1050 h
724 1023 736 1050 t
743 1020 777 1050 Ol
786 1019 805 1050 (1
813 1031 831 1050 u
839 1031 853 1049 S
877 1019 896 1050 d
903 1030 919 1050 e
944 1019 1022 1050 Har
1029 1023 1040 1050 t
1047 1029 1065 1050 a
1073 1030 1091 1060 y
1098 1030 1139 1050 m.
1191 1024 1372 1050 Leonhardus
1394 1024 1515 1050 famulus
1540 1018 1582 1050 Di.
1626 1024 1765 1051 Iohannes
1786 1024 1896 1051 Welser

597 1071 749 1097 calefactor
769 1079 792 1096 ι1.
813 1070 909 1096 fidelis.

473 1118 497 1144 3
544 1114 737 1145 Fridricus
761 1114 981 1145 Meichsner
1003 1117 1187 1145 metsac.
1228 1114 1383 1146 Albero.
1421 1114 1626 1156 Hedwigis.
1665 1115 1894 1156 Leupoldus.

597 1165 805 1207 Gerungus.
844 1165 1023 1197 Alheidis
1047 1176 1103 1196 ux.
1128 1165 1242 1197 Rech.
1289 1166 1525 1197 Mehthildis.
1569 1167 1792 1208 Leupertus.
1832 1167 1895 1197 Al-

596 1216 730 1247 heidis.
777 1217 866 1248 Otto
891 1217 1172 1248 Cholmunczer.

543 1268 760 1300 Hainrious.
811 1269 1001 1299 Alheidis.
1054 1268 1259 1309 Wilbirgis.
1311 1269 1483 1300 Ditricus
1506 1269 1663 1301 Walich.
1706 1274 1894 1308 Wolfgangus

600 1319 729 1345 Plaicher
750 1319 801 1346 vic.
815 1329 839 1345 n.
855 1319 882 1345 in
902 1319 1042 1346 Otensam.

549 1362 701 1393 Ulrieus
731 1363 775 1394 de
807 1363 930 1394 Truna
958 1374 999 1393 m.
1026 1366 1062 1393 et
1086 1373 1158 1394 sac.
1211 1362 1402 1404 Nyeolaus
1427 1373 1477 1394 cv.
1503 1363 1547 1394 de
1571 1363 1757 1394 Wilherat
1791 1365 1894 1394 1431.

600 1415 665 1445 Ob.
695 1414 866 1445 Barbara
894 1415 979 1445 filia
1003 1414 1044 1445 Di
1068 1414 1250 1445 Iohannis
1280 1414 1389 1445 com‘⁸
1418 1414 1461 1445 de
1490 1414 1759 1446 Schaunberch
1792 1416 1895 1446 1421.

597 1465 855 1507 Engelbertus
880 1465 923 1497 de
941 1466 1065 1497 Linoz.
1105 1465 1242 1506 Symon
1267 1466 1424 1497 occisus.
1464 1466 1662 1497 Iohannes.
1698 1466 1897 1497 Serviatur

596 1517 802 1548 conventui
826 1516 870 1548 de
895 1517 1109 1558 Engelhart
1133 1516 1316 1548 Grueber.

544 1573 742 1599 Christofferus
760 1582 796 1599 m.
811 1575 840 1599 et
853 1582 918 1605 sac.y
936 1573 1098 1599 cellerarius
1114 1573 1141 1599 h.
1158 1573 1264 1605 domus,
1282 1572 1330 1606 qui
1347 1572 1418 1599 obiit
1433 1572 1461 1599 in
1474 1573 1576 1599 balneo
1589 1573 1707 1600 Kastein
1724 1574 1753 1600 et
1766 1573 1893 1607 sepultus

598 1625 625 1650 in
643 1624 746 1658 oppido
764 1624 837 1651 Hoff.
884 1619 1107 1651 Chunradus
1136 1630 1186 1650 cv.
1237 1619 1433 1650 Dietricus
1463 1619 1561 1660 pleb.
1591 1620 1626 1650 in
1658 1619 1893 1651 Greimhart-

597 1674 733 1702 steten.
780 1671 994 1712 Wilwirgis,
1042 1670 1194 1711 Syboto.
1234 1670 1453 1702 Waltherus
1477 1670 1522 1702 de
1545 1671 1722 1702 Belmont
1745 1671 1895 1702 nobilis.

597 1722 802 1762 Ekbertus,
828 1722 1006 1753 Alheidis
1023 1733 1080 1753 ux.
1099 1723 1180 1753 eius
1198 1721 1387 1753 dederunt
1403 1722 1553 1753 vineam
1571 1722 1680 1754 6661ίθ
1696 1723 1732 1754 in
1748 1722 1894 1754 Mitter-

597 1778 727 1815 peunt,
753 1774 796 1805 de
821 1774 957 1815 quibus
981 1774 1171 1805 serviatur
1194 1774 1409 1804 conventui.
1455 1773 1608 1805 Ulricus
1624 1774 1838 1816 Veezinger.

546 1825 699 1856 Uli-icus
724 1826 768 1856 (16
787 1825 1057 1856 Sehaunberch
1078 1836 1120 1856 m.
1140 1828 1176 1856 et
1192 1835 1264 1856 sae.
1302 1824 1501 1856 Oswaldus
1525 1836 1566 1856 m.
1584 1829 1620 1857 et
1636 1836 1706 1857 sac.
1742 1826 1895 1857 Ulricus

598 1877 642 1907 (16
666 1877 827 1909 Raesen.
867 1877 1046 1908 Alheidis
1070 1877 1115 1908 de
1139 1877 1407 1918 Mezzenpach.
1452 1876 1603 1908 Ulricus
1627 1877 1669 1908 de
1694 1877 1895 1908 Polnhaim

599 1928 704 1959 dedit
728 1929 765 1959 S⁰
790 1929 907 1960 Mai-ie
932 1930 1074 1960 curiam
1098 1930 1133 1959 in
1159 1928 1346 1960 Waldarn.

544 1979 694 2011 Albero.
739 1980 956 2011 Leukardis
980 1980 1219 2011 Gneissinne.
1266 1980 1482 2011 Haiuricus.
1520 1980 1737 2011 Pernoldus
1761 1983 1797 2011 et
1820 1980 1894 2011 filii

599 2032 664 2060 sui.
722 2031 944 2062 Gerdrudis.
1003 2031 1285 2072 Chunegundis.
1342 2031 1578 2062 Diemuedis.
1635 2031 1894 2072 Margaretha.

600 2082 704 2112 Lucas
729 2082 986 2123 Seybelstorffer,
1011 2084 1064 2124 qui
1090 2083 1178 2114 dedit
1201 2083 1300 2114 111011”Ο
1324 2085 1342 2113 2
1367 2093 1467 2125 equos
1492 2086 1524 2114 et
1547 2083 1619 2121 alia,
1647 2085 1738 2113 1475.

548 2137 673 2163 Andreas
690 2138 802 2165 'l'anner
819 2149 854 2165 111.
872 2142 901 2165 et
917 2148 972 2166 sac.
990 2140 1023 2166 (16
1041 2139 1184 2166 Altivado.
1227 2135 1427 2166 Ludwicus
1455 2135 1560 2165 filius
1584 2134 1763 2166 Iohannis
1787 2134 1896 2165 comi·

601 2184 645 2214 (16
669 2184 913 2227 Schaunberg
943 2188 1045 2217 1425.
1085 2185 1207 2217 Geuta
1230 2197 1286 2217 ux.
1312 2185 1524 2217 Meinhardi
1548 2186 1737 2217 institoris
1764 2185 1807 2216 de
1832 2184 1894 2216 Ot-

602 2236 796 2267 tenshaim.
836 2236 1040 2278 Philippus
1061 2237 1216 2278 Gneyss.
1252 2237 1518 2268 WVernhardus.
1558 2237 1708 2269 Albero.
1747 2236 1893 2268 01111116-

600 2286 744 2326 gundiS.
794 2288 912 2319 Ieuta.
964 2289 1156 2320 Albertus.
1210 2289 1376 2320 Perchta
1408 2289 1451 2320 de
1482 2288 1713 2329 Neunburga
1737 2299 1792 2318 ux.
1818 2287 1894 2318 Pil-

601 2338 712 2377 grini,
738 2338 843 2369 dedit
859 2340 1007 2370 vineam
1032 2341 1066 2370 in
1083 2340 1352 2381 Ilengstpereh
1375 2340 1419 2371 ad
1436 2340 1737 2376 infirmitorium,
1763 2339 1806 2371 de
1825 2350 1896 2380 qua

601 2389 792 2419 serviatur
816 2392 1021 2421 conventui
1046 2391 1091 2422 ab
1116 2392 1340 2422 infirmario.

302 2441 398 2468 mid.
467 2443 505 2468 10.
552 2438 751 2470 Ekhardus
775 2450 825 2471 cv.
872 2442 1116 2483 Margaretha
1140 2454 1197 2475 ux.
1214 2443 1335 2474 Ulriei
1360 2443 1403 2474 de
1422 2442 1514 2474 Cinn
1538 2443 1682 2474 militis.
1721 2442 1894 2483 Rugerus

601 2490 766 2521 Chelner
791 2491 833 2521 (16
858 2492 1198 2526 Periehtolczdorf.
1239 2494 1447 2535 Gerbirgis,
1486 2494 1674 2525 Rudolfus
1699 2494 1742 2525 de
1760 2493 1893 2524 Alhar-

603 2542 691 2582 ting.
738 2541 920 2582 Rugerus.
961 2548 1010 2574 Ob.
1028 2549 1059 2575 D.
1078 2550 1215 2576 Iohannes
1232 2559 1286 2577 sac.
1303 2551 1337 2576 de
1353 2550 1496 2576 Prawnaw
1514 2549 1590 2576 1516.
