2054 2948
262 140 324 178 208

310 226 372 252 XII.
386 224 440 250 kal.

328 431 373 457 XI.
388 431 443 457 kal.

341 734 375 760 X.
386 734 442 759 kal.

328 1034 373 1060 IX.
387 1034 442 1060 kal.

301 1337 373 1363 vm.
387 1337 442 1363 kal.

316 1695 378 1721 VII.
391 1695 446 1721 kal.

330 1955 377 1981 vl.
391 1956 446 1982 kal.

348 2332 381 2358 V.
396 2333 450 2359 kal.

869 128 1054 156 DIOECESIS
1074 125 1298 154 LENTIENSIS.

484 224 525 250 21.
569 218 699 260 Sigela
724 217 777 248 ob.
799 217 885 247 filia
915 215 958 246 Di
981 214 1124 255 Rugeri
1153 213 1196 243 de
1219 212 1326 252 Ripa.
1378 209 1551 250 Rudgerus
1578 209 1648 251 pbr.
1693 212 1829 239 Iohannes
1848 212 1912 239 abb.

623 272 652 298 in
676 271 814 297 Lambaco
837 270 928 296 dictus
951 269 1143 302 Daxperger.¹)
1186 262 1420 304 Sygiboldus
1445 261 1558 302 abb.²)
1604 260 1785 291 Wisento.
1822 264 1913 290 Wolf-

621 331 730 357 gangus
754 322 845 348 dictus
868 320 1006 354 Ardinger
1029 319 1086 346 dec.
1105 319 1201 344 domus
1225 317 1248 343 si
1262 316 1393 343 Floriani.
1437 312 1630 343 Albe·ri:uS.
1677 311 1910 344 ChunraduS.

621 372 697 401 Leo
722 369 819 411 pleb.
852 368 1066 399 Hainricus.
1099 365 1322 396 Benedicta.
1356 364 1544 395 Alhaidis.
1580 363 1728 405 Sygela.
1759 363 1910 394 Richza.

487 430 529 456 22.
574 426 734 456 Iohannes
758 424 826 465 pbr.
845 426 878 454 et
900 434 940 454 m.
960 423 999 454 de
1025 422 1061 453 S⁰
1077 421 1192 452 Paulo.
1232 422 1377 450 Heinricus
1391 423 1451 456 pbr.
1465 424 1493 449 et
1506 432 1542 448 m.
1556 422 1584 448 in
1598 422 1722 448 Gersten.
1748 422 1913 448 Marhardus

623 481 681 514 pbr.
696 481 722 506 et
742 489 776 506 m.
790 478 903 505 ibidem.
935 478 1016 503 Vitus
1036 477 1106 503 diac.
1120 476 1202 502 ecelie
1220 474 1463 509 Newnburgensis.
1501 470 1689 501 Rudolfus
1712 470 1788 511 pbl'.
1811 473 1848 501 et
1870 480 1912 500 m.

622 529 641 558 i.
653 528 688 567 l.‚
716 525 938 558 Chun1·adus
967 523 1048 565 pbri
1065 526 1101 554 et
1125 523 1179 554 mi.
1226 525 1336 551 Ulricus
1355 526 1419 552 abb.
1433 526 1514 551 mouii
1527 525 1548 550 si
1562 524 1674 557 Pauli.⁸)
1705 524 1842 551 Iohannes
1852 524 1913 558 pbr.

623 579 651 604 et
669 586 703 603 m.
724 577 752 602 in
772 575 930 603 Chodwico.
966 574 1161 608 Wolffgangus
1188 573 1311 599 subdiac.
1337 572 1449 598 ibidem.
1490 571 1683 605 Chunigundis
1706 573 1735 598 et
1759 571 1914 598 Kassherina

623 620 737 652 smon¹es
754 624 868 651 ibidem.
906 617 1164 650 Meinhardus.
1211 617 1394 647 Ernestus
1417 617 1437 647 i.
1457 615 1476 647 l.
1522 619 1669 652 Dyetricus
1688 619 1786 649 senior,
1806 618 1867 652 pbr.
1886 619 1914 644 et

625 684 683 702 can.
698 674 724 700 in
745 674 967 707 Reychensperg.
1007 668 1191 699 Ol‘tolfus.
1229 668 1435 698 Hainricus
1458 668 1477 698 i.
1495 667 1515 698 l.
1556 667 1686 698 Rihza.
1724 666 1912 698 Alhaidis.

487 731 527 759 23.
572 731 696 756 Andreas
720 730 779 763 pbr.
798 731 826 756 et
851 739 885 755 m.
903 728 1070 762 Salczpurge
1093 727 1315 759 Klfikhaimei-.a)
1356 723 1533 754 Dorothea.
1579 722 1762 754 Friderieus
1786 722 1856 763 pbr.
1882 725 1915 753 et

622 789 662 809 m.
680 779 712 808 in
737 776 874 808 Glfinich
899 776 1001 807 dictus
1024 775 1196 806 Holczner.
1236 774 1427 806 Chunradus
1450 775 1519 816 pbr.
1538 777 1571 805 et
1593 774 1679 815 pleb.
1704 774 1744 805 de
1769 773 1913 805 Tfideeh.

623 828 878 859 Wernhardus
903 826 1105 858 archidiac.
1154 826 1293 857 Wezilo
1319 837 1369 857 cv.
1389 829 1425 857 et
1441 837 1481 857 m.
1500 826 1519 856 i.
1537 825 1556 856 l.
1604 829 1783 855 Leonhardus
1807 829 1866 862 pbr.
1886 829 1915 855 et

622 883 693 909 min
701 882 830 909 Glunich.
852 882 990 908 Martinus
998 882 1094 916 pbr.et
1105 881 1178 907 m.de
1188 881 1444 915 Paungartenperg.
1468 877 1685 918 Rudigel'us
1697 877 1796 918 pleb.
1826 877 1913 908 Otto.

623 931 860 962 walchunus,
906 930 1135 971 Rudigerus.
1181 933 1223 959 Fr.
1246 933 1432 967 wolfgangus
1459 933 1519 966 pbr.
1540 934 1569 959 eb
1590 941 1626 958 m.
1650 931 1793 958 Inferioris
1823 931 1914 958 Althe.

624 981 666 1007 Fr.
681 981 748 1007 Otto
767 981 827 1015 pbr.
847 983 875 1007 et
894 990 929 1006 m.
944 981 977 1006 de
998 980 1178 1014 Alderspach.
1219 980 1300 1006 Soror
1319 980 1412 1014 Agnes
1431 985 1478 1006 <zv³³
1497 980 1533 1006 ad
1553 979 1609 1005 S¹²¹¹¹
1627 979 1762 1013 Spiritum
1782 979 1809 1005 iu
1830 979 1915 1005 Ybsa.

487 1033 528 1061 24.
574 1029 763 1061 Chum-adus
786 1029 856 1070 pbr.
875 1032 907 1060 et
929 1039 970 1059 m.
990 1028 1029 1059 de
1053 1028 1204 1059 Medlieo.
1251 1027 1378 1059 Uli-icus
1401 1027 1567 1068 Pleychol.
1606 1026 1753 1058 Elisabet
1777 1038 1829 1057 ux.
1847 1037 1913 1058 sua.

623 1085 772 1111 Fridricus.
819 1079 1008 1111 Rudolfus
1032 1079 1199 1110 subdiac.
1225 1083 1261 1111 et
1284 1090 1325 1110 m.
1343 1080 1362 1110 i.
1380 1080 1400 1110 l.
1446 1082 1574 1109 Iakobus.
1606 1082 1694 1108 Anna.
1726 1082 1915 1116 Margaretha.

622 1131 850 1163 Hartliebus
873 1132 950 1172 pbr.
970 1135 1007 1162 et
1023 1142 1063 1162 m.
1083 1131 1123 1162 fr.
1141 1142 1171 1162 n.
1210 1136 1364 1162 Dorothea.
1400 1136 1504 1170 Agnes.
1544 1130 1792 1172 Engilbertus
1815 1130 1913 1171 pleb.

622 1187 769 1214 Elizabeth
797 1187 904 1213 smonlis
934 1187 966 1213 de
997 1187 1029 1213 So
1050 1187 1132 1213 Petro
1160 1187 1335 1221 Salczpurge.
1383 1182 1609 1214 Chunradus
1642 1183 1913 1223 Aspergaffius.

625 1234 839 1266 Elizabeth.
886 1234 1095 1266 Meinhardus
1119 1234 1159 1266 de
1183 1234 1373 1276 Alharding.
1421 1237 1477 1264 Sor.
1494 1237 1652 1264 Katherina
1671 1237 1778 1263 smonfifl
1804 1237 1840 1263 ad
1859 1237 1916 1263 Sum

624 1285 758 1319 Spiritum
779 1285 805 1311 in
826 1285 909 1311 Ybsa.

487 1337 528 1363 ⁶25.
574 1333 711 1364 Karolus
727 1333 794 1374 pbr.
813 1336 844 1364 et
859 1345 900 1364 m.
918 1334 958 1364 de
979 1333 1088 1364 Obern
1103 1333 1228 1364 Altach.
1269 1333 1395 1363 Uli-icus
1418 1332 1487 1373 pbr.
1512 1335 1544 1363 et
1566 1342 1634 1363 can.
1660 1332 1773 1363 domus
1803 1331 1824 1362 si
1840 1331 1916 1362 Flo-

625 1385 714 1415 riani.
762 1384 848 1419 Otto.
874 1385 992 1415 Petrus
1015 1385 1083 1426 pbri
1108 1388 1141 1415 et
1164 1385 1204 1415 mi
1230 1384 1269 1415 de
1295 1384 1331 1415 SO
1348 1384 1523 1415 Lamberto
1546 1395 1576 1424 p.
1594 1394 1634 1414 m.
1680 1383 1915 1424 Herbordus,

625 1436 876 1477 Irmdegenus
907 1436 988 1477 pbri
1017 1440 1053 1467 et
1088 1436 1131 1467 mi
1152 1436 1171 1468 i.
1189 1437 1209 1466 l.
1268 1435 1466 1467 Gozwinus
1495 1435 1572 1476 pbr.
1628 1435 1806 1476 Elyzabeth
1831 1435 1917 1466 dicta

625 1488 900 1529 Haunspergeriu.
955 1487 1133 1529 Elyzabeth
1157 1488 1192 1520 la.
1238 1487 1437 1519 Eberanus
1460 1498 1501 1518 m.
1519 1488 1538 1517 i.
1556 1487 1575 1518 l.
1621 1486 1845 1518 Chunradus
1869 1497 1915 1517 cv.

626 1539 644 1568 i.
663 1539 681 1569 I.
728 1539 981 1580 Marquardus
1006 1539 1163 1570 scolaris
1186 1540 1205 1569 i.
1223 1540 1242 1570 1.
1281 1539 1435 1570 Albero.
1475 1538 1732 1569 Meinhardus.
1780 1541 1917 1567 Iohannes

627 1593 730 1626 VVaycz
749 1594 849 1620 camin
870 1593 1038 1627 Newburga.
1080 1591 1210 1631 Agnes
1239 1590 1434 1631 ducissast)
1483 1589 1662 1630 Elyzabeth
1686 1589 1721 1621 1³.
1769 1588 1916 1620 chune-

623 1641 766 1682 gundis.
815 1641 1004 1674 Alhaidi8‚
1050 1645 1165 1671 Maister
1185 1645 1246 1671 lans
1266 1645 1385 1678 Cisserb)
1406 1651 1436 1671 ue
1455 1645 1551 1671 domus
1570 1644 1684 1670 amicus.

491 1696 531 1722 26.
577 1696 734 1722 Dietmarus
762 1697 794 1722 de
818 1696 988 1723 Luensteten
1013 1697 1127 1723 occisus.
1179 1693 1385 1724 Hermannns
1418 1692 1487 1733 pbr.
1523 1696 1555 1723 et
1589 1703 1630 1723 m.
1667 1691 1706 1722 de
1742 1691 1778 1722 S⁰
1802 1691 1916 1722 Paulo.

625 1743 881 1785 Marquardus
905 1744 1024 1785 abb-³¹)
1049 1744 1197 1778 Glunich.
1244 1744 1418 1785 Rugerus
1442 1744 1520 1785 pbr.
1546 1747 1582 1775 et
1606 1754 1662 1783 m..
1688 1743 1765 1774 dec.
1791 1744 1826 1774 in
1850 1743 1917 1773 Te-

625 1805 772 1834 gersen.
823 1795 1013 1826 Rudolfus
1040 1796 1211 1827 subdiac.
1238 1800 1275 1827 et
1296 1807 1336 1827 m.
1395 1795 1608 1837 Sighardus
1630 1805 1670 1825 m.
1689 1796 1707 1825 i.
1726 1795 1745 1826 1.
1796 1795 1917 1826 Chun-

627 1845 742 1876 radus
766 1846 991 1877 scolasticus
1015 1848 1034 1878 i.
1052 1847 1072 1878 l.
1119 1847 1346 1878 chunradus
1370 1847 1503 1878 Tenus.
1552 1847 1650 1877 Otto.
1697 1846 1918 1878 Hainrious.

626 1897 850 1938 Elyzabeth.
896 1899 1138 1929 Richkardis.
1186 1898 1375 1930 chunradus
1400 1898 1466 1939 pbr
1491 1901 1523 1929 et
1545 1909 1585 1929 m.
1610 1898 1648 1929 de
1673 1897 1826 1928 Medlich.

493 1956 534 1982 27.
581 1957 711 1983 Albertus
730 1957 795 1983 olim
815 1966 894 1991 ppos.
914 1958 942 1983 in
963 1958 1165 1992 Neunburgafl)
1215 1954 1438 1985 Fridel'icus
1466 1954 1578 1995 abb.7)
1629 1953 1801 1984 Heinriclls
1833 1953 1921 1994 prior

628 2004 667 2034 de
692 2004 728 2035 S⁰
745 2004 856 2036 Paulo.
912 2005 1062 2036 Matheus
1086 2017 1152 2038 aec.
1176 2006 1307 2037 ibidem.
1363 2006 1564 2045 Ernestus,
1602 2004 1809 2036 Heinricus
1838 2004 1918 2045 pbri

629 2059 666 2086 et
688 2056 768 2086 mii.
786 2057 806 2087 1.
852 2056 1121 2097 Eugelwerus.
1170 2057 1356 2088 Ortolfus.
1403 2057 1637 2088 Fridericus.
1684 2056 1917 2087 Fridericus.

627 2107 859 2148 Leupoldus.
906 2112 1060 2143 Gotsridus,
1087 2112 1239 2144 Michahel,
1268 2113 1416 2143 Iohannes,
1441 2112 1582 2143 Nicolaus,
1608 2112 1753 2139 Iohannes.
1778 2111 1919 2143 Nic-olaus,

632 2157 768 2183 Iohannes
782 2158 887 2189 iurista,
908 2159 1013 2190 Petrus,
1034 2160 1174 2191 Nieolaus,
1195 2160 1365 2191 Chunradus,
1386 2160 1515 2190 Thomas,
1534 2158 1689 2190 Ludwicus,
1710 2158 1845 2184 Iohannes
1858 2158 1920 2192 pbri

630 2201 658 2225 et
681 2201 716 2225 mi
739 2201 947 2228 Admonteuses.
997 2202 1113 2228 Iacobus
1141 2202 1212 2229 diac.
1232 2202 1344 2229 ibidem.
1396 2202 1524 2233 Georius,
1557 2202 1698 2227 Modestus
1726 2202 1783 2227 aeci
1806 2201 1919 2227 ibidem.

631 2241 767 2276 Rugerus,
788 2243 961 2275 chunradus,
985 2245 1136 2275 mim-icus,
1156 2245 1271 2272 Georius
1290 2246 1332 2271 cvi
1351 2245 1462 2272 ibidem.
1500 2244 1594 2275 Clara,
1614 2244 1726 2275 Ursula,
1751 2243 1919 2278 Magdalena

631 2285 741 2309 smou¹⁰³
760 2285 871 2312 ibidem.
908 2286 1026 2318 Ulrieus,
1047 2288 1167 2313 Thomas
1186 2289 1247 2321 pbri
1266 2288 1404 2314 seculares
1423 2288 1536 2314 ibidem.

495 2334 535 2360 28.
581 2331 810 2372 Ohuneguudis
834 2333 874 2364 de
898 2335 1051 2366 Ahleiten
1076 2337 1190 2367 occisa.
1232 2335 1393 2366 Gedrudis
1410 2335 1630 2376 Sulczpechin.
1670 2338 1768 2364 Petrus
1786 2347 1821 2363 m.
1837 2338 1920 2364 Althe

631 2386 793 2420 Superiori&
831 2389 967 2423 Georgius
986 2390 1046 2423 pbr.
1061 2392 1089 2416 et
1108 2399 1167 2416 can.
1187 2391 1220 2416 de
1241 2388 1427 2424 Newnbfirga.
1464 2386 1585 2417 Hatto
1610 2397 1651 2417 m.
1668 2387 1688 2417 1'.
1706 2386 1725 2416 l.
1771 2388 1920 2422 Gregorius

377 2509 400 2538 2)
419 2508 492 2533 Haec
509 2515 583 2534 vota:
607 2512 772 2541 ,Andreas-
784 2513 963 2539 Kliikhaimer‘
982 2515 1067 2539 colore
1085 2515 1163 2539 rubro
1183 2516 1307 2547 imcripta
1325 2520 1367 2540 est.
1479 2514 1502 2547 b)
1522 2515 1579 2539 Hoc
1598 2523 1690 2539 nomen
1714 2519 1778 2539 certe
1802 2515 1850 2546 leglc'
1868 2523 1920 2538 non

271 2554 358 2580 potest.

380 2608 398 2638 ¹)
418 2608 465 2634 Ob.
478 2613 587 2636 a.1436.
702 2614 721 2643 2)
742 2612 943 2644 Lambacensis,
962 2614 1120 2641 ob.‹1.1110·.
1236 2618 1256 2648 ³)
1280 2615 1324 2641 Aa
1348 2616 1452 2641 mallum
1483 2616 1601 2642 Ulricum
1623 2618 1689 2641 certe
1710 2615 1806 2646 referri
1827 2617 1920 2647 potest.

278 2651 297 2681 ⁴)
321 2649 394 2675 Uxor
414 2650 519 2676 ottonis
532 2651 556 2677 I.
575 2652 650 2678 ducis
664 2653 807 2685 Bana-iae,
827 2655 865 2680 ob.
880 2659 943 2681 1190
963 2657 1046 2682 Mart.
1061 2661 1100 2682 913.
1199 2659 1220 2691 5)
1239 2658 1284 2683 Ad
1301 2666 1376 2690 quem
1392 2659 1533 2691 pertineat,
1553 2658 1663 2684 (labium
1681 2660 1731 2689 est;
1749 2658 1785 2683 acl
1803 2657 1892 2689 Marq.
1906 2656 1926 2682 Ι

227 2728 230 2730 .
275 2694 324 2717 aut
342 2692 381 2718 II
395 2693 500 2719 abbates
522 2694 690 2721 Glzmziccnses
709 2700 774 2722 certe
792 2698 888 2729 'referri
906 2707 961 2723 ozon
980 2702 1072 2731 potest.
1175 2702 1194 2731 θ)
1216 2700 1262 2727 Ob.
1282 2704 1393 2726 (1.1423.
1495 2701 1516 2734 ⁷)
1535 2701 1580 2726 Ad
1596 2709 1672 2733 quem
1690 2699 1856 2732 referendum
1876 2700 1920 2732 sit,

275 2735 405 2760 'incertum
423 2738 466 2762 est.
