2054 2948
245 100 303 129 130

832 91 1017 119 DIOECESIS
1036 90 1296 117 PASSAVIENSIS.

367 295 408 330 B.
448 281 930 330 NECROLOGIUM
963 280 1382 326 MONASTERH
1415 280 1460 325 S.
1489 279 1769 327 NICOLAI

366 547 422 573 kal.
484 547 507 572 1.

305 804 351 830 IV.
364 812 426 830 non.
480 803 503 829 2.

305 1017 353 1043 ΙΙΙ.
367 1025 428 1042 non.
482 1015 505 1041 3.

320 1317 353 1343 ΙΙ.
367 1325 428 1342 nou.
482 1316 507 1342 4.

368 1624 431 1642 non.
484 1616 508 1641 5.

276 1786 350 1813 VIII.
364 1786 400 1812 id.
487 1786 510 1812 G.

293 1961 351 1986 VH.
366 1960 401 1986 id.
485 1961 507 1987 7.

306 2274 353 2300 VI.
366 2275 402 2301 id.
485 2276 509 2302 S.

831 353 1117 398 PATAVIE
1127 354 1170 397 N
1181 353 1213 398 S
1222 353 1244 397 I
1256 352 1301 397 S.

928 468 1009 503 IAN
1012 467 1205 503 UARIUS.

553 545 678 571 Emricus
692 542 867 569 Pataviensis
887 543 967 575 eps.¹)
1005 541 1140 568 Iohannes
1159 540 1249 566 dictus
1263 540 1442 574 Nfirnberger
1461 550 1520 568 can.
1533 542 1560 568 h.
1575 542 1663 569 eoclie.
1700 542 1813 569 Hierzzo
1833 543 1894 576 pbr.

603 589 631 614 et
650 596 708 613 can.
723 584 991 619 Hertzogburgensis
1007 585 1053 610 cfr.
1067 593 1093 609 n.
1131 583 1240 609 Ulricus
1254 574 1326 610 &der
1339 583 1399 617 pbr.
1413 584 1442 610 et
1455 592 1514 610 can.
1528 584 1557 610 in
1570 584 1602 611 S0
1613 585 1758 618 Yppolito.
1795 585 1895 612 Iohan-

601 639 648 656 nes
668 629 747 656 Grfitl
766 629 824 662 pbr.
838 630 866 654 et
886 636 945 653 ean.
959 627 987 652 iu
1007 626 1215 660 Reichersperg.
1253 626 1304 652 Ob.
1315 626 1436 652 Thomas
1449 626 1549 654 Rebzer
1567 629 1596 654 et
1614 628 1750 654 Iohannes
1767 627 1895 661 Speyser,

602 673 663 706 pbri
682 674 711 699 et
731 672 789 697 cani
808 671 837 697 in
851 670 1011 703 Newburga
1025 669 1182 695 claustrali.
1220 670 1299 695 Anna
1311 669 1469 696 Mulnerinn
1488 670 1595 696 smonlis
1612 670 1725 696 ibidem.
1763 671 1804 703 [D.
1818 671 1895 697 Law-

601 715 710 741 rencius
723 714 865 747 Sehayber
883 713 943 746 pbr.
958 714 986 739 et
1006 721 1064 738 ean.
1078 712 1107 737 in
1121 712 1274 746 Neuburga
1288 712 1440 738 Claustrali
1457 721 1499 738 ao.
1513 713 1610 747 (15)72.
1648 713 1698 739 Ob.
1711 713 1744 739 fr.
1757 713 1895 740 Martinus

601 758 691 784 Strffle
711 757 770 790 pbr.
784 759 812 782 et
831 765 866 781 m.
880 755 908 781 in
929 755 1030 781 Altach
1052 754 1197 788 inferiori]

551 801 661 827 Ulricus
678 800 837 833 Veyrtager
861 807 939 832 ppos.
953 798 979 824 Si
995 797 1153 831 Yppoliti2)
1174 797 1222 823 cfr.
1236 807 1261 823 n.
1304 798 1444 824 Conraclus
1467 798 1499 824 de
1518 798 1815 833 Hertzogenbirpawm
1834 799 1894 832 pbr.

601 845 628 870 et
648 852 707 869 can.
721 841 922 876 Yppolitensis.
960 841 991 867 D.
1007 841 1128 867 Thomas
1147 841 1285 873 quondam
1304 841 1333 867 in
1347 841 1457 867 Prukch
1473 850 1555 875 super
1569 842 1678 875 Leytta,
1698 843 1772 876 pleb.
1786 844 1815 869 et
1833 851 1894 868 ean.

602 887 682 912 monii
701 886 720 911 s.i
739 884 870 918 Yppoliti
893 884 940 910 cfr.
954 893 979 910 n.
1016 884 1048 910 D.
1062 883 1191 909 Erasmus
1215 884 1276 917 pbr.
1295 885 1323 910 et
1346 892 1406 910 can.
1427 884 1532 911 ibidem
1558 885 1606 911 cfr.
1619 895 1644 912 n.
1683 885 1724 919 [D.
1739 885 1896 920 Leopoldus

602 930 662 962 pbr.
681 929 710 955 et
732 937 791 954 can.
809 928 836 953 in
862 927 886 953 N
890 927 1013 960 euburga
1033 926 1192 952 Claustrali.
1234 926 1266 952 D.
1284 926 1452 953 Pancracius
1471 927 1636 962 Pirchinger
1658 928 1718 962 pbr.
1738 930 1766 955 el:
1789 937 1847 955 ean.
1867 928 1896 954 in

601 971 774 998 Ranshoven.
811 970 842 996 D.
856 970 1017 996 Emeramus
1036 969 1095 1003 pbr.
1109 971 1138 996 et
1157 979 1191 996 m.
1206 969 1234 995 in
1255 969 1321 995 Alta
1340 969 1500 1004 Superiori]

552 1014 711 1048 Stephanus
732 1014 792 1047 pbr.
807 1013 854 1039 cfr.
867 1022 892 1039 n.
907 1012 940 1038 de
960 1012 991 1038 S⁰
1010 1012 1155 1046 Yppolito.
1193 1011 1331 1038 Iohannes
1350 1012 1566 1046 Poppenperger
1584 1013 1648 1040 abb.
1662 1013 1691 1039 in
1707 1013 1866 1046 Vormpach
1874 1014 1895 1045 ³)

604 1058 651 1083 cfr.
665 1067 691 1083 n.
705 1058 748 1083 ob.
762 1056 923 1082 chunradus
942 1055 1034 1081 senior
1056 1055 1117 1088 pbr.
1136 1057 1165 1081 et.
1184 1054 1231 1080 cfr.
1245 1064 1270 1080 n.
1289 1054 1322 1080 de
1342 1055 1445 1081 Altach
1466 1055 1599 1081 inferiori.
1642 1055 1771 1082 Erasmus
1790 1054 1894 1086 Gla‘iezl,

603 1101 635 1126 D.
650 1101 754 1134 Caspar
767 1100 880 1129 Prancz,
900 1098 1036 1124 Iohannes
1050 1097 1201 1124 piscatoris
1221 1097 1281 1131 pbri
1294 1100 1322 1123 et
1341 1098 1401 1124 cani
1416 1099 1495 1124 monii
1509 1099 1537 1125 in
1551 1098 1761 1132 Raytenbuech,
1781 1099 1845 1125 efres
1859 1099 1892 1124 ni.

604 1143 635 1169 D.
650 1142 774 1168 Mathias
794 1142 853 1175 pbr.
870 1144 898 1168 et
914 1142 961 1168 cfr.
975 1150 1009 1171 n..
1029 1141 1111 1167 monii
1122 1140 1279 1174 Witignow
1293 1141 1361 1174 prof.
1399 1141 1441 1174 [D.
1452 1141 1568 1168 Georius
1582 1141 1706 1168 Puecher
1718 1141 1747 1168 in
1761 1141 1894 1168 Getwico.

600 1186 632 1212 D.
647 1185 753 1218 Caspar
772 1185 836 1210 Puff
858 1184 917 1218 pbr.
937 1186 965 1210 et
985 1192 1045 1210 can.
1064 1183 1093 1209 in
1112 1183 1285 1217 Neunburga.
1305 1183 1465 1210 claustrali.
1508 1184 1539 1210 D.
1553 1184 1690 1210 Steffanus
1709 1184 1769 1218 pbr.
1788 1185 1816 1210 et
1835 1192 1895 1211 ean.

603 1229 683 1254 monii
702 1229 722 1254 si
736 1228 868 1262 Georgia)
887 1227 1011 1253 martiris
1030 1226 1058 1252 in
1077 1227 1302 1261 Herczognburg.
1338 1227 1370 1253 D.
1384 1227 1482 1254 Petrus
1495 1227 1694 1261 Untznweyser
1712 1227 1772 1261 pbr.
1787 1229 1815 1253 et
1835 1236 1894 1253 can.

602 1272 629 1298 h.
643 1281 678 1297 m.
693 1280 743 1297 nec
762 1279 816 1297 non
836 1271 1000 1304 procurator
1019 1270 1094 1296 curie
1114 1272 1206 1296 nostre
1226 1270 1255 1295 in
1274 1271 1403 1297 Mautern
1424 1270 1509 1303 1537]

552 1315 684 1341 Albertus
707 1314 766 1347 pbr.
792 1314 818 1339 Si
838 1313 968 1347 Yppoliti
994 1314 1041 1338 cfr.
1061 1322 1087 1338 n.
1133 1312 1274 1338 Conradus
1297 1313 1358 1347 pbr.
1380 1314 1409 1339 et
1436 1321 1497 1338 can.
1515 1312 1711 1338 Secooviensis.
1757 1312 1894 1339 Iohannes

606 1357 719 1391 Reyssel
739 1357 799 1391 pbr.
814 1358 842 1382 et
856 1365 914 1382 can.
928 1356 955 1381 in
970 1356 1146 1382 Ranshoven.
1182 1355 1321 1382 Steffanns
1335 1356 1419 1390 Piper
1432 1365 1466 1382 m.
1479 1357 1507 1381 et
1523 1355 1582 1389 pbr.
1595 1356 1676 1382 monii
1689 1354 1895 1388 Gottwieensis,

604 1400 742 1426 Stefl'anus
756 1399 996 1426 Chuchelmaister
1009 1408 1049 1424 ov.
1064 1399 1176 1427 ibidem.
1196 1399 1261 1424 efres
1275 1399 1309 1425 ni.
1347 1399 1387 1432 [D.
1403 1399 1522 1425 decanus
1536 1398 1567 1424 D.
1578 1398 1763 1428 Lawrencius,
1783 1398 1814 1424 D.
1826 1398 1894 1425 Con-

603 1442 697 1473 raduS,
722 1442 754 1468 D.
774 1441 934 1473 Tibur-cius,
958 1442 990 1467 D.
1008 1442 1154 1473 Iohanne&
1180 1441 1211 1468 D.
1226 1441 1382 1475 Leopoldus
1406 1441 1467 1475 pbri
1490 1443 1519 1467 et
1546 1441 1607 1467 cani
1630 1441 1711 1467 monii
1730 1440 1892 1475 Newburga

605 1485 764 1512 claustrali.
800 1485 843 1510 Fr.
855 1485 993 1511 steffauus
1011 1485 1134 1511 subdiac.
1172 1485 1212 1510 Fr.
1225 1485 1362 1511 Iohannes
1379 1493 1436 1510 acc.
1470 1484 1513 1510 Fr.
1524 1483 1659 1518 Georgius
1675 1483 1766 1510 novius
1779 1483 1893 1510 ibidem.

604 1528 785 1562 Margaretha
799 1528 937 1554 Salczerin
957 1529 1064 1555 smonlis
1083 1528 1187 1555 ibidem
1208 1529 1234 1553 et
1254 1527 1406 1554 multitudo
1425 1527 1556 1553 fidelium.
1593 1527 1624 1553 D.
1639 1526 1774 1560 Georgius
1788 1526 1892 1553 Volant

605 1572 663 1605 pbr.
678 1573 705 1597 et
726 1580 784 1597 can.
799 1571 827 1596 in
849 1570 1015 1597 Ranshofen.
1053 1571 1102 1597 Ob.
1116 1570 1265 1604 Gregorius
1284 1570 1332 1596 cfr.
1346 1579 1370 1596 n.
1407 1570 1525 1596 Frunolt
1544 1570 1604 1603 pbr.
1617 1569 1644 1595 h.
1657 1569 1739 1595 monii
1759 1569 1866 1602 (15)80.]

553 1615 689 1641 Rudolfus
709 1623 786 1648 ppos.
801 1614 834 1640 de
848 1614 981 1640 Seccovia
992 1616 1010 1646 ⁴)
1029 1614 1060 1640 fr.
1074 1624 1099 1640 n.
1138 1614 1274 1640 Iohannes
1288 1614 1320 1640 de
1334 1613 1496 1646 Obernperg
1509 1612 1568 1646 pbr.
1582 1614 1611 1638 et
1624 1621 1683 1638 can.
1697 1612 1894 1638 Seccoviensis.

603 1657 663 1683 pres
683 1656 819 1683 Antonius
842 1658 870 1682 et
890 1656 988 1683 Petrus
1013 1657 1082 1690 pbri,
1109 1657 1152 1688 ini,
1177 1657 1247 1690 profi
1273 1656 1355 1682 monii
1381 1655 1401 1681 si
1420 1655 1496 1681 Petri
1520 1655 1548 1681 in
1567 1654 1744 1688 salczburga,
1771 1654 1836 1681 efres
1859 1655 1894 1681 uf.

605 1700 646 1733 [D.
662 1699 835 1726 Cristofferus
849 1699 1007 1725 Schaehner
1026 1709 1083 1733 eps.
1098 1699 1306 1731 Pataviensisfi)
1337 1698 1524 1732 Wolfgangus
1542 1698 1602 1732 pbr.
1616 1699 1645 1724 et
1663 1698 1732 1731 prof.
1746 1698 1827 1724 mouii
1841 1697 1894 1723 Un-

603 1742 730 1774 densis.b)
761 1742 882 1768 Michael
897 1742 1073 1776 Kersperger,
1094 1742 1203 1768 Ulricus
1217 1743 1377 1776 Harpruner
1388 1742 1421 1774 (P)
1436 1741 1497 1775 pbri
1513 1743 1542 1767 et
1554 1741 1628 1774 profi
1642 1740 1723 1767 monii
1735 1740 1892 1774 Vndensis.]

556 1786 655 1812 Petrus
674 1785 732 1811 dec.
747 1785 827 1811 eeclie
841 1785 861 1810 si
875 1785 995 1811 Floriani
1011 1786 1059 1811 cfr.
1072 1795 1098 1811 n.
1130 1786 1274 1819 Gerungus
1288 1785 1427 1818 quondam
1445 1793 1522 1818 ppos.
1538 1783 1618 1810 ecclie
1631 1783 1659 1809 in
1670 1783 1865 1810 Walthawsen
1873 1785 1893 1816 ⁶)

605 1828 635 1854 fr.
655 1837 681 1854 n.
727 1828 867 1854 Conradns
896 1828 929 1854 de
957 1828 1067 1854 Tanntz
1094 1828 1122 1853 in
1148 1828 1309 1854 Novaeella.
1354 1828 1446 1861 Agnes
1472 1826 1654 1853 Scheblerinn
1681 1827 1788 1852 smonlis
1812 1827 1895 1852 monii

604 1876 629 1895 se
649 1871 735 1897 Marie
761 1871 789 1896 in
814 1871 992 1905 Newnburga
1016 1871 1176 1897 Claustrali.
1223 1871 1337 1897 Georius
1356 1870 1505 1897 Weinman
1530 1870 1590 1904 pbr.
1609 1871 1637 1895 et
1660 1878 1720 1895 can.
1740 1869 1768 1895 in
1793 1869 1893 1896 Newn-

606 1913 729 1940 kirchen.
767 1914 808 1947 [D.
822 1914 995 1947 Augustinus
1013 1913 1104 1941 Hssffel
1123 1914 1156 1940 de
1176 1914 1238 1940 Ror.
1275 1914 1318 1940 Fr.
1332 1914 1445 1940 Maurus
1464 1913 1524 1947 pbr.
1538 1915 1566 1939 et
1584 1922 1619 1939 m.
1633 1912 1661 1938 in
1680 1912 1846 1947 Fornpach]

555 1956 692 1988 Georius
723 1957 791 1988 dec.
814 1957 1044 1989 Seocoviensis.
1095 1959 1221 1989 Uli-icus
1244 1957 1312 1999 pbr.
1335 1957 1455 1988 ibidem
1479 1956 1516 1987 fr.
1534 1968 1563 1987 n.
1613 1956 1802 1988 Ohunradus
1825 1956 1893 1997 pbr.

603 2012 635 2039 et
659 2019 727 2039 can.
745 2009 776 2039 h.
794 2009 893 2041 ecclie.
938 2014 1041 2048 Agitur
1064 2015 1200 2041 memoria
1224 2014 1348 2040 omnium
1364 2013 1488 2039 fidelium
1506 2012 1663 2038 animarum
1679 2011 1770 2038 tribus
1787 2011 1894 2038 vicibus

605 2059 634 2084 in
658 2068 730 2085 anuo
753 2060 863 2086 scilicet
882 2060 1027 2087 Valentini
1052 2060 1226 2091 confessoris,
1252 2059 1382 2093 Corporis
1401 2058 1504 2085 Christi
1530 2060 1558 2085 et
1581 2058 1704 2084 omnium
1727 2060 1894 2089 sanctorum,

604 2110 653 2134 pro
679 2110 732 2134 quo
758 2102 841 2128 debet
865 2103 943 2129 nobis
964 2103 1069 2137 porrigi
1088 2112 1104 2129 a
1124 2103 1256 2130 celerario
1276 2102 1448 2129 dominorum
1467 2101 1544 2128 chori
1563 2101 1738 2128 Pataviensis
1756 2102 1805 2133 3¹st
1820 2102 1849 2127 cn,-
1864 2102 1895 2133 ἢ,

604 2145 645 2170 sin
674 2148 767 2171 autem
790 2146 878 2172 eciam
902 2155 957 2172 non
983 2146 1066 2172 debet
1086 2146 1191 2180 peragi.
1233 2146 1275 2179 [D.
1289 2146 1387 2172 Petrus
1406 2144 1584 2171 Schonenher
1602 2144 1663 2178 pbr.
1680 2146 1708 2170 et
1727 2144 1796 2178 prof.
1815 2144 1895 2170 monii

606 2187 625 2212 si
639 2187 747 2213 Andree
766 2188 887 2221 apostoli
908 2198 991 2222 penes
1013 2189 1157 2223 Freysing.
1197 2190 1229 2215 D.
1245 2189 1325 2215 Vitus
1344 2189 1405 2222 pbr.
1423 2189 1451 2214 eb
1474 2188 1543 2221 pros.
1561 2187 1674 2214 ibidem.
1717 2187 1746 2213 D.
1762 2187 1895 2221 Georgius

607 2229 757 2263 Talvogler
777 2231 835 2263 pbr.
849 2233 877 2257 et
891 2232 959 2265 prof.
974 2232 1086 2259 ibidem.
1118 2232 1159 2258 Fr.
1175 2231 1282 2258 Blasius
1298 2231 1357 2265 pbr.
1372 2232 1400 2257 et
1414 2240 1449 2256 m.
1463 2231 1498 2256 ad
1513 2230 1569 2256 Sum
1582 2231 1694 2257 Petrum
1708 2228 1894 2264 Salczpfirge]

554 2272 766 2314 Marquardus
791 2274 882 2310 diac..
906 2276 1060 2306 mutarius
1076 2275 1285 2306 Pataviensis.
1324 2274 1386 2305 Hic
1411 2274 1500 2306 dedit
1522 2274 1612 2305 nobis
1636 2273 1780 2305 redditus
1802 2274 1896 2304 unius

606 2325 718 2355 talenti
742 2325 784 2356 ad
801 2326 965 2367 oblagium
989 2331 1021 2358 et
1037 2327 1242 2358 infirmariam
1268 2330 1300 2358 et
1316 2328 1334 2357 9
1351 2331 1382 2356 n.
1399 2326 1441 2356 ad
1458 2325 1602 2356 diurnale
1618 2326 1727 2356 lumen
1750 2325 1781 2355 in
1797 2325 1894 2356 choro

605 2381 649 2406 n0.
697 2376 885 2407 Chunradus
917 2378 955 2409 de
980 2378 1159 2419 Griezpaoh
1188 2378 1257 2419 pbr.
1283 2381 1315 2408 et
1341 2388 1408 2408 can.
1432 2377 1462 2408 h.
1485 2376 1585 2408 ecelie.
1637 2376 1677 2407 D.
1698 2376 1895 2407 Dietricus

607 2427 730 2457 dietus
761 2427 931 2459 Sehenoh
962 2429 1007 2460 de
1035 2430 1379 2469 Antzenohirchen,
1410 2429 1469 2460 hic
1501 2428 1687 2469 sepultus,
1716 2428 1772 2459 ob.
1797 2433 1830 2459 D.
1847 2432 1895 2458 Er-

607 2477 708 2503 hardus
728 2478 817 2504 dictus
837 2479 950 2505 Grfizzel
971 2480 1031 2513 pbr.
1045 2482 1073 2506 et
1092 2489 1152 2506 can.
1166 2480 1349 2506 Pataviensis.
1387 2480 1436 2506 Ob.
1453 2480 1484 2506 fr.
1498 2480 1633 2506 Iohannes
1652 2479 1712 2512 pbr.
1730 2481 1758 2505 ei,
1777 2488 1812 2504 m.
1825 2479 1895 2513 prof.

350 2580 373 2610 ³)
394 2579 436 2603 Ita
455 2580 541 2605 codex.

646 2580 669 2611 h)
690 2582 723 2605 Ιη
743 2582 831 2613 linqua
850 2584 988 2607 vernacula
1010 2584 1175 2616 Indersdorf.

353 2656 372 2686 ¹)
392 2654 585 2687 Ermum-icus,
614 2656 652 2681 ob.
671 2666 695 2682 a.
713 2660 773 2690 874,
801 2666 886 2684 mense
908 2662 931 2684 et
955 2659 996 2684 die
1019 2659 1129 2685 incerto.
1243 2661 1263 2691 2)
1285 2658 1328 2685 Ob.
1343 2668 1367 2685 ιι,
1382 2662 1457 2691 1369,
1484 2659 1540 2685 dies
1562 2667 1618 2685 non
1641 2661 1762 2685 constare
1785 2658 1894 2685 ridetur.

235 2698 270 2733 .³)
294 2696 339 2724 Ob.
352 2706 376 2722 α.
391 2700 459 2724 1435.

549 2699 569 2731 ⁴)
593 2698 638 2725 Ob.
652 2708 676 2724 a.
692 2702 761 2731 1348,
780 2708 864 2726 mense
883 2701 1027 2733 Ianuario,
1047 2701 1090 2727 die
1108 2702 1216 2728 incerto.
1307 2703 1326 2735 ⁵)
1350 2702 1395 2728 Ob.
1409 2711 1434 2728 ιι.
1448 2705 1524 2728 1500.
1615 2703 1633 2734 ¹³)
1656 2701 1701 2728 Ob.
1711 2703 1770 2734 post
1788 2710 1813 2728 a.
1828 2705 1895 2728 1317.
