2054 2948
162 189 220 215 XV.
234 189 290 215 kal.

148 317 220 344 XIV.
234 317 290 343 kal.

148 487 221 513 XIII.
237 487 292 513 kal.

162 658 223 684 XII.
238 658 292 684 kal.

175 871 221 898 XI.
237 872 292 898 kal.

190 1043 222 1069 X.
238 1043 293 1070 kal.

178 1344 223 1370 IX.
237 1344 292 1370 kal.

150 1558 222 1584 YIII.
236 1558 292 1584 kal.

165 1817 225 1843 VII.
240 1816 295 1842 kal.

177 1987 223 2014 VI.
237 1987 293 2014 kal.

195 2245 226 2270 V.
239 2244 295 2270 kal.

336 188 376 215 18.

337 317 377 343 19.

337 488 378 515 20.

339 659 379 686 21.

338 1043 380 1069 23.

337 1344 378 1370 24.

337 1558 379 1584 25.

340 1817 381 1842 26.

341 2244 382 2270 28.

685 102 950 129 NECROLOGIUM
969 102 1189 130 GARSTENSE.
1701 111 1759 140 351

422 188 472 214 Ob.
486 187 608 216 Thomas
630 188 691 222 pbr.
709 188 742 214 de
761 187 882 214 Mellico.
925 187 1038 214 Alexius
1061 189 1093 214 de
1119 189 1284 225 Salzburga,
1309 191 1431 217 Andreas
1455 192 1487 218 de
1508 192 1610 219 Altach
1636 193 1763 220 Inferiori

476 231 543 264 pbri.
580 231 609 257 D.
625 230 766 259 Reinerus.
787 230 850 256 abb.
864 230 1065 263 Meuioensis.·)
1098 232 1288 266 Sigismuudus
1309 234 1367 267 pbr.
1382 233 1414 259 de
1428 234 1644 262 Michaelbeiirn.
1677 236 1763 262 Leon-

473 274 575 300 hardus
594 274 652 307 pbr.
667 273 694 299 in
714 274 786 300 Attl.
823 273 971 306 Dionysius
990 273 1048 306 pbr.
1062 273 1089 300 in
1111 275 1262 302 Chiemsee.

423 316 472 343 Ob.
492 315 626 349 Georgius
645 315 716 342 diac.
735 316 768 342 de
787 316 994 342 Seittenstettn.
1032 316 1180 343 Udalricns
1204 327 1244 344 cv.
1263 318 1297 345 de
1323 318 1399 345 Cella
1419 319 1532 346 Mariae.
1575 320 1678 346 Paulus
1704 321 1763 354 pbr.

476 359 509 385 de
535 359 743 393 Reichersperg.
782 359 893 384 Maurus
922 358 981 392 pbr.
996 359 1029 386 de
1053 359 1172 386 Mellico.
1215 361 1372 387 Leonardus
1392 361 1462 388 diac.
1482 362 1662 388 Glunicensis.
1702 364 1764 389 Pla-

474 401 551 428 cidus
577 402 636 435 pbr.
655 402 688 428 de
713 402 799 428 Altah
827 401 976 434 Superiori.
1022 402 1161 429 Martinus
1186 403 1244 436 pbr.
1264 403 1292 429 in
1315 404 1476 430 Formbaeh.
1524 405 1678 431 Ber-nardus
1704 406 1763 439 pbr.

472 444 675 471 Gottwieensis.

425 487 474 513 Ob.
496 487 525 513 D.
546 487 713 514 Bertholdus
737 487 838 519 abb.‘²),
862 487 998 514 Heni-icus
1026 489 1086 521 pbr.
1107 488 1135 514 in
1159 489 1320 522 Tegernsee.
1366 489 1480 516 Ioannes
1504 498 1544 516 cv.
1563 490 1597 516 de
1617 490 1762 517 Gottwico.

470 530 502 556 D.
521 531 636 556 Ioannes
665 531 766 562 abb.³).
788 530 972 564 Wolfgaugus
996 531 1055 564 pbr.
1080 531 1112 557 de
1141 532 1243 558 Altach
1278 532 1410 558 Inferiori.
1466 532 1623 566 Stephanus
1647 533 1706 566 pbr.
1732 533 1765 559 de

473 573 688 600 Cremsminster.
731 573 860 599 Baltasar
884 575 913 599 et
936 573 1027 599 Bruno
1052 573 1111 607 pbri
1135 574 1168 600 de
1189 574 1290 601 Altaoh
1309 575 1457 608 Superiori.
1502 575 1685 608 Hieronymus
1705 576 1764 609 pbr.

474 615 676 650 Tegerseensis.

426 657 474 684 Ob.
494 658 629 693 Georgius
651 659 684 684 de
710 659 812 685 Altach
837 658 992 692 Superiori,
1017 659 1120 685 Paulus
1144 660 1177 686 <le
1202 660 1314 686 Mellico
1338 661 1406 694 pbri.
1444 661 1474 686 D.
1489 661 1649 687 Ambrosius
1668 661 1765 692 abb‘),

473 701 610 732 Andreas.
636 701 771 731 Michael,
797 701 970 728 Christianus
999 701 1059 735 pbri
1086 702 1118 728 cle
1144 702 1368 729 Ss’Enimeramo.
1415 703 1629 738 Christophorus
1653 703 1709 730 dec.
1737 704 1764 729 in

474 743 625 770 Chiemsee.
663 744 849 777 wolfgangus
877 744 936 777 pbr.
955 746 983 770 et
1010 753 1065 770 sen.
1086 744 1197 771 ibidem.
1240 745 1354 771 Ioannes
1378 745 1494 772 Iacobus
1517 746 1577 780 pbr.
1591 746 1624 772 de
1644 746 1766 779 Tegei-n-

475 795 528 813 see.
574 786 677 820 Xystus
701 786 760 820 pbr.
783 786 810 811 in
835 785 984 812 Chiemsee.
1032 787 1143 813 Maurus
1168 787 1225 820 pbr.
1247 790 1275 814 et
1298 788 1428 822 supprior
1452 788 1480 814 in
1500 788 1765 823 lVeichenstephan.

475 829 648 855 Aemilianus
668 829 727 862 pbr.
743 829 771 854 in
792 830 867 855 Ilott.
904 829 1072 856 Ado-lbertus
1092 830 1151 863 pbr.
1166 830 1193 855 in
1213 830 1375 863 Tegei-nsee.

356 876 380 899 ⁸.
428 872 476 898 Ob.
499 873 615 898 loannes
638 872 671 898 de
692 872 857 900 Ratisbona.
878 872 998 898 Michael
1023 873 1057 898 de
1077 873 1179 899 Altach
1199 873 1338 907 Superiori
1359 874 1426 908 pbri.
1474 875 1503 900 D.
1518 875 1634 901 Ioannes
1654 875 1717 901 abb.
1732 875 1765 901 de

475 916 619 948 Mansee.⁶)
657 915 779 942 Michael
800 915 857 948 pbr.
875 915 909 941 de
930 916 999 941 Atti.
1036 915 1171 942 Henricus
1196 917 1343 943 Mauritius
1367 917 1426 951 pbr.
1445 918 1478 944 de
1502 918 1605 944 Altach
1632 917 1764 944 Inferior-i.

477 958 632 984 Bernardus
661 958 719 992 pbr.
739 958 771 984 de
796 958 958 984 Formbarh.
1004 958 1091 984 Maria
1116 959 1234 992 Iosepha
1261 960 1368 985 smonlis
1387 960 1414 986 in
1435 960 1612 994 Nidernburg
1632 960 1764 987 Passavii.

473 1001 562 1026 David
582 1001 642 1034 pbr.
656 1001 683 1026 in
704 1001 947 1035 Closterneuburg.
984 1001 1156 1035 Augustinus
1178 1002 1236 1035 pbr.
1252 1002 1279 1028 iu
1298 1003 1515 1029 Miehaelbeiirn.

425 1043 474 1069 Ob.
496 1043 524 1069 D.
545 1043 703 1069 Leonardus
726 1043 827 1074 alim),
854 1044 1052 1070 Gottschalcus
1080 1047 1108 1070 et
1134 1045 1250 1070 Ioannes
1278 1045 1339 1078 pbri
1370 1046 1403 1072 de
1428 1046 1546 1072 Mellico.
1588 1046 1708 1073 Michael
1732 1046 1765 1073 de

477 1086 695 1117 Cremsminster,
715 1086 803 1112 Adam
823 1086 856 1112 de
876 1086 1028 1120 Salzburga
1048 1087 1117 1120 pbri.
1150 1087 1265 1113 Ioannes
1284 1088 1343 1122 pbr.
1358 1088 1391 1114 de
1410 1089 1539 1115 Adinont.
1577 1089 1606 1114 D.
1619 1089 1766 1115 Udalricus

475 1129 537 1155 abb.
552 1129 585 1155 de
600 1129 722 1160 Peiirn.⁷)
756 1130 870 1155 Ioannes
885 1129 1019 1155 Cellensis
1038 1130 1095 1163 pbr.
1111 1132 1140 1156 et
1159 1130 1224 1156 olim
1238 1131 1314 1164 prior
1333 1131 1360 1156 in
1380 1131 1500 1158 Mellico.
1532 1132 1655 1163 Ioannes,
1675 1131 1767 1158 Fride-

474 1172 547 1199 ricus
579 1180 648 1203 sen.,
674 1172 825 1202 Romanus,
857 1172 1024 1201 Alexander.
1060 1173 1188 1203 Iacobus,
1223 1174 1393 1203 Leonardus.
1430 1175 1558 1205 Ioannes,
1594 1175 1766 1205 Pancratius,

478 1215 709 1241 Bartholomaeus
733 1217 761 1241 et
782 1215 878 1241 Petrus
897 1215 969 1248 pbri,
997 1215 1133 1241 Martinus
1160 1225 1199 1242 cv.
1220 1216 1332 1243 ibidem.
1376 1217 1562 1251 Wolfgangus
1586 1218 1645 1251 pbr.
1664 1217 1766 1244 Cremi-

477 1259 606 1284 fanensis.
644 1258 802 1284 Edmunclus
828 1258 886 1291 pbr.
907 1258 1109 1284 Admontensis.
1152 1260 1231 1285 Anna
1255 1259 1379 1286 Barbara
1402 1260 1478 1293 prosa
1504 1260 1532 1286 in
1552 1260 1766 1287 Hochenwarth.

477 1301 568 1327 Bruno
588 1301 647 1335 pbr.
662 1301 865 1327 Admontensis.

425 1344 474 1370 Ob.
494 1344 625 1370 Placidus
650 1345 708 1378 pbr.
729 1344 755 1369 in
776 1344 938 1378 Tegernsee.
981 1344 1140 1378 stephanus
1163 1345 1221 1378 pbr.
1243 1345 1275 1371 (le
1295 1344 1501 1371 Seittenstettn.
1540 1346 1569 1371 D.
1585 1346 1766 1379 Hieronymus

475 1387 538 1413 abb.
554 1388 582 1413 in
601 1388 703 1419 Seon.’¹)
735 1387 850 1413 Ioannes
870 1387 929 1421 pbr.
944 1387 977 1414 de
998 1387 1099 1413 Altach
1115 1387 1264 1421 Superiori.
1296 1388 1420 1414 Andreas
1440 1388 1497 1421 pbr.
1513 1388 1545 1415 de
1559 1388 1766 1423 Reichersperg.

475 1430 612 1463 Casparus
632 1430 706 1463 prior
724 1430 758 1456 de
777 1430 876 1456 Beiirn.
910 1431 1050 1464 Rupertus
1070 1430 1127 1463 pbr.
1142 1430 1177 1455 ad
1197 1430 1252 1455 Sum
1266 1430 1419 1456 Mai-tinum
1439 1431 1467 1456 in
1486 1431 1569 1457 Sacro
1583 1432 1676 1458 Monte
1697 1432 1766 1458 Pan-

475 1473 583 1498 noniae.
620 1473 749 1499 Arsenius
774 1473 842 1506 prof.
860 1482 886 1498 n.
907 1482 928 1499 c.
971 1474 1082 1499 Maurus
1109 1473 1167 1506 pbr.
1186 1473 1382 1500 Lainbacensis
1406 1475 1434 1500 et
1457 1474 1589 1501 Gottwici
1614 1475 1766 1501 stabilitus,

475 1515 612 1542 Matthias
631 1516 689 1549 pbr.
703 1518 732 1542 et
751 1525 806 1542 sen.
825 1516 859 1542 de
880 1516 1097 1542 Cremsminster.

425 1558 474 1584 Ob.
490 1558 587 1585 Petrus
611 1559 734 1585 Hachnar
764 1561 793 1585 et
812 1558 954 1585 Chi-istina
979 1568 1022 1584 nx.
1043 1559 1113 1587 eius:
1141 1559 1207 1585 item
1228 1559 1348 1585 Thomas
1372 1559 1405 1586 de
1425 1560 1554 1591 Garsten,
1578 1561 1768 1587 benefactores

477 1611 502 1627 n.
517 1610 537 1627 (·.
578 1602 735 1628 Leonardus
755 1611 793 1628 cv.
810 1602 836 1627 in
857 1602 1020 1635 'l'egei-nsee.
1059 1602 1216 1628 Leonardus
1236 1602 1269 1628 (le
1289 1602 1437 1633 Gottwico,
1456 1602 1593 1629 Matthias
1613 1603 1645 1629 (le
1666 1604 1767 1630 Altach

476 1645 601 1671 Inferiori
624 1645 692 1678 pbri.
730 1645 759 1671 D.
779 1645 952 1671 Christianus
977 1645 1040 1671 abb.
1060 1645 1089 1670 in
1114 1645 1300 1675 FormbaehstJ
1343 1646 1458 1671 Ioannes
1482 1646 1541 1678 pbr.
1562 1646 1590 1671 in
1617 1646 1766 1673 Chiemsee.

478 1688 664 1721 Wolfgangus
693 1688 750 1721 pbr.
770 1688 803 1714 de
828 1688 929 1714 Altaeli
956 1688 1103 1721 Superiori.
1150 1687 1322 1714 Coelestinus
1347 1688 1405 1721 pbr.
1426 1688 1594 1721 Schyrensis.
1640 1689 1768 1715 Urbanus

478 1731 537 1764 pbr.
559 1731 660 1756 Altacb
686 1731 834 1757 Inferioris.
881 1731 1014 1765 Aegidius
1040 1732 1130 1757 novius
1150 1731 1260 1757 ibidem.
1307 1731 1337 1757 D.
1353 1731 1482 1757 Ernestus
1502 1731 1676 1765 Theophilus
1689 1741 1766 1766 ppOS.

474 1773 502 1798 in
522 1773 658 1807 Suben.¹⁰)

428 1816 478 1842 Ob.
495 1816 681 1850 ll'olfgangus
701 1817 759 1850 pbr.
774 1817 809 1843 de
830 1817 1047 1843 Cremsminster.
1084 1817 1204 1843 Michael
1224 1817 1257 1843 de
1277 1817 1346 1848 Attl,
1366 1818 1482 1843 Ioannes
1501 1817 1534 1843 de
1553 1818 1680 1850 Augusta
1700 1818 1766 1851 pbri.

476 1859 611 1893 Georgius
636 1859 710 1893 prior
735 1860 761 1885 in
788 1860 856 1886 Atti.
900 1861 1031 1886 Albertus
1055 1860 1126 1886 diac.
1145 1859 1327 1885 Glunicensis.
1372 1860 1484 1886 Maurus
1510 1859 1567 1893 pbr.
1587 1861 1614 1886 in
1636 1860 1767 1894 Seheyrn.

476 1902 638 1931 Balthasar,
667 1903 842 1936 Augustinus
865 1903 926 1936 pbri
945 1903 980 1929 ad
999 1903 1055 1929 Sum
1069 1903 1211 1929 Zenonem.
1244 1903 1400 1929 Bernardus
1419 1903 1476 1936 pbr.
1496 1903 1530 1928 ad
1550 1903 1593 1929 SUS
1607 1903 1767 1929 Udalricum

476 1947 505 1971 et
524 1945 627 1971 Affram
647 1945 675 1971 in
695 1946 865 1972 Neresheim.

374 2008 380 2014 .
427 1987 476 2013 Ob.
493 1987 640 2014 Udalricus
663 1988 722 2021 pbr.
744 1988 777 2014 cle
796 1987 989 2014 Seittenstetn.
1027 1987 1185 2021 Stephanus
1209 1997 1248 2013 ev.
1269 1987 1303 2013 de
1324 1988 1475 2020 Augusta..
1500 1986 1685 2021 WVolfgangus
1709 1988 1767 2022 pbr.

477 2030 510 2056 de
536 2031 665 2057 Admont.
714 2031 830 2057 Ioannes
853 2040 908 2057 sen.
929 2033 956 2057 et
982 2031 1161 2057 Marcellinus
1185 2031 1244 2064 pbri
1269 2030 1380 2056 ibidem.
1421 2029 1598 2056 Theobaldus
1621 2030 1691 2056 diac.
1705 2031 1769 2057 Glu-

477 2073 607 2099 nicensis.
649 2073 803 2099 Hei-nardus
828 2074 895 2099 olim
922 2074 1051 2107 supprior
1073 2083 1098 2099 n.
1113 2082 1134 2099 c.
1156 2075 1182 2099 et
1209 2073 1346 2107 parochus
1370 2073 1398 2098 in
1418 2072 1510 2106 Weyr.
1560 2072 1657 2099 Gallus
1681 2083 1721 2100 cr.
1741 2074 1769 2099 in

478 2116 609 2149 Scheyrn.
652 2116 768 2143 Thiemo
788 2125 828 2143 cv.
848 2117 883 2142 acl
903 2117 958 2142 Sum
979 2117 1091 2143 Petrum
1112 2116 1275 2150 salisburgi.
1318 2115 1395 2142 Felix
1419 2115 1478 2149 pbr.
1493 2115 1521 2141 in
1540 2116 1768 2143 Rottenhaslach.

479 2159 617 2189 Thobias,
645 2159 872 2193 Christophorus⁷
901 2159 1015 2186 Carolus
1039 2160 1099 2194 pbri
1119 2162 1146 2185 et
1166 2159 1366 2186 Constantinus
1386 2159 1456 2185 diac.
1475 2158 1585 2185 ibidem.
1623 2159 1663 2185 Fr.
1679 2160 1770 2186 Remi<

477 2202 539 2236 gius
559 2202 798 2236 Altenburgensis.

428 2245 478 2271 Ob.
498 2245 674 2271 Leonhardus
701 2245 759 2279 pbr.
781 2246 813 2272 de
837 2246 957 2272 Mellico.
1005 2246 1120 2272 Ioannes
1144 2245 1203 2279 pbr.
1225 2245 1257 2272 de
1282 2245 1384 2271 Altach
1408 2244 1542 2271 Inferiori.
1584 2244 1769 2279 Wolfgangus

477 2287 536 2321 pbr.
552 2288 584 2314 de
604 2288 636 2314 80
650 2288 786 2315 Floriano.
820 2289 848 2315 P.
863 2289 1034 2322 Seraphinus
1054 2288 1212 2314 Kirchmair
1231 2297 1255 2314 n.
1271 2297 1293 2314 c.
1312 2288 1387 2321 prior
1406 2287 1632 2319 meritissimusa)
1669 2289 1769 2322 Engel-

476 2330 570 2357 bertus
590 2331 649 2364 pbr.
670 2332 697 2357 in
719 2332 847 2358 Admont.
886 2332 1059 2358 Gaudentius
1079 2331 1137 2365 pbr.
1156 2331 1189 2357 de
1209 2330 1449 2364 Closterneuburg.
1481 2330 1690 2356 Maximilianus
1709 2331 1768 2364 pbr.

476 2373 587 2400 ibidem.
624 2374 655 2400 D.
677 2374 792 2401 Ioannes
817 2374 878 2400 abb.
898 2375 933 2401 ad
951 2374 1048 2401 Scotos
1067 2374 1247 2406 Viennae¹¹)‚
1272 2373 1339 2406 prof.
1359 2373 1560 2399 Lambacensis.
1598 2373 1770 2400 Gotthardus

478 2416 535 2449 pbr.
551 2416 755 2442 Gottwieensis.
794 2417 960 2444 Benedictus
979 2417 1039 2451 pbr.
1054 2417 1231 2443 Ossiacensis.

219 2514 242 2546 ⁸)
262 2515 296 2539 1η
313 2524 395 2548 mary.
408 2516 470 2540 add.
484 2515 581 2547 †1660.

225 2591 244 2623 ¹)
266 2589 312 2617 Ob.
328 2594 434 2618 a.1637.
505 2593 526 2625 ²)
549 2592 752 2624 Tegyernsee'nsis,
771 2593 796 2619 Ῐι.
811 2601 838 2620 η.
852 2592 902 2624 IL,
923 2593 961 2618 ob.
973 2595 1034 2625 post
1053 2602 1077 2619 (ι,
1092 2596 1166 2618 1248.
1244 2593 1263 2623 ³)
1284 2591 1328 2616 De
1347 2591 1446 2616 Altach
1466 2590 1604 2622 Inferiori,
1623 2590 1648 2616 Ιι.
1661 2599 1686 2616 τι.
1703 2591 1768 2621 ΙΙΙ.,

120 2631 158 2658 ob.
170 2640 195 2658 α.
207 2636 280 2659 1502.

119 2682 144 2699 α.
155 2678 227 2701 1433.

395 2635 415 2667 ⁴)
435 2634 476 2660 De
496 2634 524 2661 S.
538 2635 688 2666 Emeramo,
707 2635 835 2667 1ι.η.ΙΙ.,
855 2636 895 2661 ob.
908 2644 933 2661 a.
946 2638 1017 2662 1583.
1134 2637 1154 2667 ὃ)
1174 2634 1219 2660 Ad
1237 2642 1311 2666 quem
1330 2632 1494 2665 referendum
1513 2632 1569 2658 est?
1681 2634 1701 2666 ⁰)
1723 2633 1768 2659 Ob.

352 2678 372 2710 ⁷)
397 2677 541 2703 Udalrieus
559 2677 610 2703 IV.
631 2677 661 2703 de
680 2678 907 2710 Mielmelbeuern,
929 2678 970 2705 ob.
988 2681 1092 2704 α.1637.
1216 2679 1236 2708 ⁸)
1258 2677 1304 2703 Ob.
1321 2685 1346 2702 a.
1364 2680 1434 2702 1529.
1559 2677 1577 2707 ⁹)
1599 2675 1642 2701 Ob.
1660 2684 1684 2701 (ι.
1700 2680 1768 2702 1595.

120 2718 153 2749 ¹⁰)
174 2717 219 2744 Ob.
233 2722 342 2746 α.1696.

452 2722 483 2753 ¹¹)
505 2720 540 2746 H.
554 2729 580 2747 n.
593 2721 657 2753 XL,
677 2721 715 2747 ob.
730 2730 755 2747 cc.
767 2725 836 2748 1683.
