2054 2948
242 96 302 126 356

274 356 348 382 VIII.
362 355 399 382 id.

282 663 342 689 VII.
358 662 394 688 id.

302 926 348 952 VI.
363 925 398 952 id.

303 1369 349 1396 IV.
363 1369 400 1395 id.

298 1589 347 1616 III.
363 1589 399 1615 id.

314 1854 347 1880 II.
362 1854 397 1880 id.

360 2159 394 2185 id.

481 355 504 381 8.

465 925 505 952 10.

463 1147 502 1173 11.

466 1369 506 1395 12.

465 1590 505 1616 13.

464 1854 503 1879 14,

462 2161 501 2186 15.

852 88 1035 116 DIOECESIS
1053 88 1098 114 LE
1103 87 1279 114 NTIENSIS.

600 175 734 202 Heun'cus
754 175 814 209 pbr.
828 184 853 201 n.
868 183 889 201 c.
930 174 1067 200 Martinus
1091 173 1150 206 pbr.
1171 173 1199 198 in
1219 172 1294 198 Rott.
1337 171 1482 198 Auselmus
1504 170 1564 204 pbr.
1582 170 1618 197 ad
1635 170 1731 197 Scotos
1751 169 1885 197 Viennae.

601 218 700 244 Petrus
719 218 779 252 pbr.
798 217 826 243 in
845 217 983 251 Priffling.
1019 216 1192 243 Aemilianus
1211 214 1287 248 prior
1312 216 1340 240 et
1363 222 1418 240 sen.
1440 213 1470 239 in
1487 213 1617 247 Scheyrn.
1651 213 1684 240 D.
1696 213 1787 239 David
1806 221 1886 247 ppos.

602 261 638 287 ad
657 260 712 286 Sum
726 260 918 293 Florianum.¹)
950 259 1117 285 Benedictus
1131 257 1204 292 prior
1223 257 1250 283 in
1263 257 1382 283 Mansee.
1414 256 1586 290 Gotthardus
1605 256 1664 290 pbr.
1677 256 1708 282 in
1720 255 1886 290 Tegernsee.

600 303 771 337 Berengerus
790 303 849 337 pbr.
864 301 1079 329 Formbacensis.

551 354 601 381 Ob.
619 354 749 380 Albertus
775 354 830 380 dux
848 353 978 380 Austriae
986 354 1015 386 ²),
1039 352 1200 379 benefactor
1217 361 1241 377 n.
1284 351 1316 377 D.
1330 350 1496 377 Adalbertus
1519 349 1582 376 abb.
1594 359 1620 376 n.
1635 351 1681 382 c.³)
1716 350 1885 377 Wilhelmus

599 396 723 423 subdiac.
765 395 950 429 Wolfgangus
979 395 1047 428 prof.
1069 395 1102 421 de
1128 394 1160 420 So
1178 394 1359 420 Emmeramo.
1402 393 1518 419 Iacobus
1546 401 1587 419 ov.
1607 393 1640 419 de
1669 392 1746 419 Cella.
1770 392 1885 420 Mariae.

600 439 749 473 Gregorius
768 441 795 465 et
814 438 953 464 Erhardus
973 438 1032 471 pbri
1053 437 1086 463 de
1105 436 1322 463 Cremsminster.
1352 435 1490 462 Antonius
1509 444 1551 462 cv,
1564 436 1597 462 de
1616 435 1719 462 Altach
1738 435 1887 469 Superiori.

602 482 787 516 Wolfgangus
813 481 873 514 pbr.
893 481 927 507 de
946 480 1066 507 Mellico.
1111 479 1272 505 Ambrosius
1299 479 1359 512 pbr.
1379 478 1412 504 de
1435 479 1538 505 Altaeh
1559 478 1695 505 Inferiori.
1741 479 1884 513 Religiosa.

601 524 679 558 virgo
697 523 806 556 sybilla
829 523 935 550 sinonlis
958 523 981 548 1³
1004 523 1037 549 de
1061 522 1220 556 Salzburga.
1257 521 1435 548 Leonhardus
1453 521 1577 548 subdiac.
1591 521 1625 548 de
1644 521 1886 556 Closterneuburg.

599 566 772 600 Theophilus
791 566 851 600 pbr.
865 566 893 592 iu
907 566 1112 593 Seittenstettu.
1142 565 1258 591 loannes
1271 564 1480 598 Chrysostomus
1498 564 1558 598 pbr.
1572 564 1600 590 in
1619 564 1740 598 Polling.
1770 564 1887 591 Ioannes

601 609 660 643 pbr.
674 608 786 635 ibidem.
822 609 938 635 Iodocus
958 608 1017 642 pbr.
1031 608 1060 633 in
1080 607 1322 641 Closterneuburg.

545 660 595 686 Ob.
614 659 724 685 Ulricus
747 659 884 693 Scriptor,
908 659 1069 686 benefactor
1087 668 1112 685 n.
1155 658 1337 692 Hieronymus
1360 660 1389 685 et
1411 657 1602 692 Sigismundus
1625 658 1687 692 pbri
1709 657 1742 684 de
1766 658 1886 684 Mansee.

598 702 780 734 Hieronymus
794 702 918 728 subdiac.
930 702 962 728 de
977 702 1078 728 Altach
1092 701 1241 735 Superiori.
1273 701 1459 735 Wolfgangus
1472 701 1505 727 de
1519 700 1734 731 Cremsminster,
1753 700 1890 727 Martinus

598 745 631 771 de
650 744 790 771 Gottwico
808 745 878 778 pbri.
911 745 1095 771 Colomannus
1113 745 1147 771 de
1166 744 1287 774 Mellieo,
1306 743 1419 770 Alexius
1439 744 1472 770 de
1491 743 1647 778 Tegernsee
1665 743 1735 777 pbri.
1771 743 1888 770 Ioannes

598 788 657 821 pbr.
672 788 704 813 de
724 787 965 821 Closterneuburg.
1002 787 1214 821 chrysostomus
1233 787 1292 820 pbr.
1306 787 1342 813 ad.
1359 786 1416 812 Sum
1429 785 1642 812 Emmeramum.
1679 785 1852 812 Aemilianus
1871 786 1890 812 1.

599 831 631 856 de
657 830 805 856 Gottwico.
848 830 984 864 Virgilius
1007 831 1066 863 pbr.
1080 830 1116 855 ad
1135 829 1192 856 Sum
1211 829 1333 856 Petrum.
1376 829 1474 855 Petrus
1497 828 1555 855 dec.
1572 827 1601 854 in
1620 828 1770 855 Chiemsee.
1808 828 1888 855 Anna

598 873 687 899 Maria
707 873 783 906 profa
802 873 830 898 in
853 873 1068 899 Hochenwarth.
1105 872 1136 898 D.
1151 872 1320 899 Adalbertus
1339 871 1402 898 abb.
1418 872 1447 898 in
1464 871 1568 904 Seou.²)

551 923 761 950 Ob.Cun1-adus
780 924 814 950 de
833 923 938 955 Grueb,
961 923 1122 950 benefactor
1140 932 1166 949 n.
1203 923 1338 957 Georgius
1357 923 1418 957 pbr.
1432 923 1464 949 de
1484 923 1516 949 ΞΟ
1535 922 1716 949 Emmeramo.
1752 922 1783 949 D.
1798 923 1890 957 Augu-

598 967 687 993 stinus
706 967 771 993 abb.
789 967 817 992 in
838 967 1025 1001 Tegernseest)
1061 966 1184 993 Andreas
1203 966 1264 1000 pbr.
1283 966 1316 992 de
1339 966 1372 992 8⁰
1386 966 1541 992 Lamberto.
1585 966 1718 992 Henricus
1738 974 1778 992 cv.
1794 965 1888 991 Gluni-

601 1009 696 1036 censis.
742 1010 900 1036 Bernardus
927 1009 987 1043 pbr.
1009 1009 1186 1036 Mellicensis.
1231 1009 1370 1036 Romanus
1400 1009 1460 1043 pbr.
1484 1008 1704 1035 Cremifanensis.
1749 1008 1885 1035 Melchior

596 1052 671 1085 prior
684 1052 888 1079 Gottwicensis.
914 1052 1130 1085 christophorus
1143 1051 1203 1085 pbr.
1215 1051 1248 1078 de
1262 1052 1390 1078 Admont.
1416 1051 1575 1077 Eduiundus
1588 1052 1648 1085 pbr.
1662 1051 1698 1078 ad
1711 1051 1768 1077 Sum
1776 1051 1888 1078 Petrum

597 1095 760 1129 Salisburgi.

551 1146 601 1172 Ob.
615 1146 777 1172 Elisabetha
797 1146 946 1177 Reutshin,
975 1146 1148 1172 benefactrix
1161 1151 1201 1171 ΠΕ.
1238 1146 1352 1172 Ioannes
1372 1145 1405 1172 de
1418 1146 1553 1179 Augusta.
1574 1145 1738 1172 Vincentius
1757 1145 1791 1171 de
1810 1144 1889 1171 Gott-

600 1188 671 1215 wico
691 1189 760 1222 pbri.
792 1188 926 1222 Georgius
945 1189 978 1215 de
997 1189 1100 1215 Altach
1114 1188 1249 1219 luserim-i,
1270 1188 1450 1215 Baltbasarus
1469 1189 1502 1214 de
1521 1189 1633 1214 Mansee
1652 1188 1720 1221 pbri.
1751 1187 1888 1214 Antonius

599 1232 659 1265 pbr.
673 1241 698 1257 n.
713 1240 734 1258 o.
772 1231 847 1258 Elias
871 1232 931 1265 pbr.
951 1231 983 1257 de
1003 1231 1245 1265 Closterneuburg.
1282 1231 1438 1257 Ber-nardus
1457 1231 1517 1265 pbr.
1536 1231 1572 1258 ad
1591 1231 1694 1257 Scotos
1731 1231 1889 1257 Alexander

597 1275 658 1308 pbr.
679 1275 712 1301 de
732 1274 974 1308 Closterueuburg.
1019 1274 1050 1300 D.
1068 1274 1189 1300 Adamus
1212 1283 1290 1308 ppos.
1309 1275 1336 1300 in
1361 1275 1595 1309 Reichersperg.⁵)
1638 1274 1802 1301 Godefridus
1828 1275 1888 1308 pbr.

601 1317 965 1351 Claustro>Neoburgensis
1002 1317 1140 1343 Romanus
1160 1318 1220 1351 pbr.
1233 1317 1495 1344 Seitteustettensis.

554 1369 603 1395 Ob.
617 1368 774 1395 Fridericus
794 1368 898 1402 Steger,
919 1369 1080 1395 benefactor
1098 1378 1124 1394 u.
1161 1369 1277 1395 Ioannes
1296 1370 1356 1402 pbr.
1370 1369 1403 1395 de
1423 1369 1543 1395 Mellieo.
1574 1368 1805 1402 D.W01fga11gus
1824 1368 1889 1394 abb.

600 1412 633 1438 de
652 1412 798 1443 Mansee.⁰)
834 1411 967 1445 Georgius
986 1412 1046 1445 pbr.
1066 1414 1093 1438 et
1110 1420 1166 1437 sen.
1186 1411 1219 1437 de
1237 1411 1479 1446 Closterneuburg.
1510 1411 1640 1438 Placidus
1653 1411 1712 1445 pbr.
1726 1411 1760 1437 de
1773 1411 1888 1437 Metten.

597 1454 770 1488 Augustinus
794 1454 938 1480 ordinatus
963 1454 1022 1487 pbr.
1041 1463 1067 1479 n.
1081 1463 1103 1480 c.
1145 1454 1282 1480 Antonius
1301 1455 1360 1488 pbr.
1380 1455 1413 1480 de
1432 1454 1649 1481 Cremsminster.
1692 1453 1759 1480 Otto
1782 1453 1841 1487 pbr.
1861 1455 1890 1480 et

598 1506 652 1523 sen.
679 1497 706 1522 in
730 1497 809 1524 Seon.
844 1497 875 1523 D.
890 1498 1028 1523 Romanus
1055 1497 1118 1523 abb.
1132 1505 1154 1522 c.
1168 1499 1230 1529 n.⁷),
1255 1505 1309 1523 sac.
1328 1497 1570 1530 iubilatusssGSffl.
1606 1495 1766 1523 Bonifacius
1785 1496 1845 1530 pbr.
1859 1495 1888 1521 in

600 1539 685 1566 Melk.
722 1539 758 1565 Da
776 1539 865 1565 Maria
885 1539 1061 1573 Cunegundis
1081 1539 1150 1565 abba
1169 1539 1197 1564 iu
1217 1539 1396 1572 Nidernburg
1414 1539 1548 1565 Passavii.

552 1590 602 1616 Ob.
618 1590 759 1616 Cuuradus
773 1590 942 1624 Kerspergffl·
961 1592 987 1616 et
1008 1590 1170 1616 Elisabetha
1190 1599 1233 1616 ux.
1248 1590 1307 1616 eius
1326 1593 1354 1617 et
1368 1590 1501 1617 Heuricus
1516 1592 1679 1617 Pleswetter
1698 1591 1888 1617 benefactores

601 1634 636 1659 ni.
679 1633 802 1659 Andreas
832 1642 871 1659 cv.
890 1634 923 1659 de
953 1633 1074 1659 Mellico.
1130 1634 1225 1659 Petrus
1249 1634 1309 1667 pbr.
1330 1634 1363 1660 de
1391 1633 1609 1660 Cremsminster.
1653 1635 1770 1661 Ioannes
1799 1643 1839 1660 cv.
1854 1635 1887 1661 de

599 1675 804 1701 Seitteustettn.
838 1676 991 1709 Leopoldus
1011 1676 1070 1709 pbr.
1085 1676 1118 1701 de
1138 1676 1257 1702 Mellico.
1290 1677 1320 1701 l).
1334 1676 1470 1702 Matthias
1489 1677 1552 1703 abb.
1567 1677 1599 1703 de
1619 1677 1789 1710 Gottwico.⁸)
1826 1677 1889 1703 Bla-

598 1718 654 1744 sius
674 1719 734 1751 pbr.
754 1719 786 1744 de
806 1719 919 1745 Metteu.
959 1719 1061 1745 Tobias
1080 1719 1139 1752 pbr.
1155 1719 1187 1744 de
1207 1719 1309 1745 Altach
1329 1719 1461 1745 Inferiori.
1498 1720 1577 1745 Anna
1597 1719 1763 1747 Constantia
1781 1721 1889 1747 smonlis

599 1761 626 1786 iu
649 1761 864 1787 Hocheuwarth.
910 1762 951 1787 Fr.
973 1762 1137 1788 Godefridus
1161 1762 1193 1788 de
1217 1762 1319 1788 Altach
1343 1761 1491 1795 Superiori.
1529 1762 1700 1789 Philibertus
1722 1763 1781 1797 pbr.
1801 1763 1890 1789 Melli-

600 1804 696 1830 censis.
733 1805 907 1838 Augustinus
928 1804 988 1838 pbr.
1002 1805 1037 1830 ad
1057 1804 1153 1831 Scotos
1173 1804 1351 1831 Ratisbonae.

550 1854 603 1880 Ob.
619 1855 797 1888 Ix'alzpelgiu,
822 1855 996 1881 beuefactrix
1015 1861 1054 1881 nst.
1090 1856 1225 1881 Hem-icus
1245 1858 1272 1882 et
1292 1855 1394 1882 Paulus
1414 1856 1472 1889 pbri
1492 1856 1520 1882 iu
1541 1856 1704 1891 Tegernsee.
1742 1857 1835 1883 Simon
1855 1857 1889 1884 de

598 1897 700 1923 Altach
728 1898 867 1924 Inferiori.
892 1898 1008 1924 Ioannes
1036 1898 1069 1924 de
1093 1899 1204 1925 Mausee
1231 1899 1298 1931 pbri,
1344 1898 1375 1925 D.
1396 1899 1582 1933 wolfgangus
1605 1899 1667 1926 abb.
1691 1900 1725 1925 de
1744 1899 1890 1931 Mellico.⁹)

597 1939 731 1973 Georgius
751 1949 792 1966 cv.
807 1940 834 1966 iu
855 1940 1018 1974 Tegerusee.
1049 1941 1080 1967 D.
1095 1941 1211 1967 Ioannes
1230 1941 1293 1967 abb.
1308 1941 1341 1967 de
1360 1941 1526 1973 Admont.¹⁰)
1559 1942 1646 1968 Venlis
1666 1942 1743 1976 virgo
1761 1942 1888 1969 Mariana

599 1983 705 2008 smonlis
731 1982 890 2015 salzburgo..
933 1983 1047 2009 Ioannes
1077 1984 1136 2017 pbr.
1158 1986 1185 2010 et
1209 1992 1264 2010 sen.
1290 1984 1322 2010 de
1348 1984 1565 2011 Cremsminster.
1606 1985 1726 2012 Michael
1751 1985 1811 2018 pbr.
1834 1985 1886 2012 ibi-

598 2025 667 2050 dem.
702 2025 930 2052 Bartholomaeus
950 2027 1010 2060 pbr.
1027 2028 1055 2052 et
1072 2036 1126 2052 sen.
1146 2027 1174 2052 in
1191 2026 1321 2060 Scheyrn.
1351 2026 1439 2053 Lucas
1453 2036 1493 2053 CV.
1507 2027 1535 2053 in
1549 2027 1711 2061 Tegernsee.
1737 2027 1815 2054 Oddo
1829 2029 1889 2061 pbr.

599 2067 626 2092 iu
647 2067 722 2094 Rott.
760 2068 873 2094 Carolus
898 2069 958 2102 pbr.
977 2069 1089 2095 ibidem.
1126 2070 1215 2096 Maria
1236 2071 1347 2103 Agatha
1367 2078 1417 2097 sor.
1436 2071 1459 2096 1⁸
1478 2070 1507 2096 in
1526 2071 1741 2098 Hochenwarth.
1778 2071 1810 2098 D.
1825 2071 1891 2098 Cae-

598 2110 714 2136 lestinus
733 2111 797 2137 abb.
811 2114 837 2137 et
857 2120 912 2137 sac.
926 2111 1063 2138 iubilaeus
1083 2113 1117 2138 ad
1136 2112 1192 2138 Sum
1207 2113 1408 2139 Emmeramum
1430 2113 1644 2145 Ratisbonae.¹¹)

547 2161 601 2187 Ob.
617 2162 799 2194 Marquardus
814 2163 992 2189 Nemorarius
1006 2164 1039 2190 de
1054 2165 1104 2194 Au,
1124 2164 1285 2190 benefactor
1303 2174 1328 2191 u.
1359 2165 1474 2191 Ioannes
1494 2173 1534 2190 ον.
1548 2165 1576 2190 in
1590 2165 1754 2199 Tegernsee.
1786 2165 1889 2192 Paulus

601 2205 670 2237 prof.
691 2205 723 2231 de
751 2205 853 2231 Altaeh
880 2206 1013 2232 Inferiori.
1062 2207 1243 2233 Sebastianus
1266 2207 1327 2241 pbr.
1345 2208 1377 2234 de
1402 2208 1521 2233 Mansee.
1562 2207 1722 2234 Ambrosius
1745 2216 1802 2234 acc.
1822 2217 1847 2234 n.
1866 2217 1887 2234 c.

599 2246 784 2281 IVolfgangus
812 2248 872 2281 pbr.
895 2249 929 2274 de
956 2249 1076 2275 Mellico.
1134 2250 1249 2276 Iacobus
1276 2250 1311 2276 ad
1338 2250 1393 2276 Sum
1419 2251 1622 2276 Emmeramum
1649 2250 1819 2277 Ratisbonae
1847 2260 1889 2277 cv.

600 2290 772 2323 Augustinus
792 2291 850 2323 pbr.
864 2291 892 2317 in
912 2292 1042 2325 Prifliug.

249 2338 349 2364 XVIII.
365 2339 419 2364 kal.
467 2340 505 2365 16.
555 2340 606 2366 Ob.
621 2340 687 2367 Otto
709 2342 797 2372 Rosel,
818 2342 979 2369 benefactor
997 2353 1022 2370 ιι.
1065 2344 1181 2370 Iacobus
1207 2345 1265 2378 pbr.
1287 2344 1319 2370 de
1343 2344 1446 2370 Altach
1472 2344 1605 2371 Inferiori.
1646 2344 1740 2370 Simon
1765 2344 1889 2371 Donatus

599 2384 632 2409 de
653 2383 869 2416 Cremsminster,
890 2386 1071 2412 Sebastianus
1090 2387 1165 2420 prior
1184 2387 1217 2413 de
1238 2389 1371 2421 Augusta.
1409 2387 1525 2413 Ioannes
1544 2388 1604 2421 pbr.
1618 2387 1651 2414 de
1671 2387 1888 2414 Cremsminster.

598 2426 716 2452 Iacobus
736 2427 806 2453 diac.
826 2428 858 2454 de
878 2428 1118 2455 Raittenhaslach.
1156 2430 1321 2456 Lambertus
1341 2431 1400 2463 pbr.
1418 2429 1447 2456 in
1467 2430 1566 2457 Suben.
1603 2430 1736 2464 Aegidius
1756 2431 1784 2457 et
1803 2430 1889 2457 Bene-

601 2468 692 2495 dictus
712 2470 789 2502 profi,
810 2471 870 2503 pbri
890 2471 917 2496 iu
937 2471 1066 2505 Sc-heyru.
1105 2472 1256 2498 Damianus
1275 2473 1333 2506 pbr.
1349 2473 1376 2498 in
1396 2473 1552 2507 Wfflleriug.

348 2603 365 2633 ¹)
390 2602 557 2630 (1b.a.1639.
714 2607 734 2638 2)
754 2607 800 2632 Ad
819 2616 892 2639 quem
908 2609 1049 2641 pertineat,
1069 2610 1177 2635 dubium
1197 2613 1240 2636 est.
1389 2611 1409 2642 ³)
1433 2610 1526 2636 Utrum
1545 2609 1570 2635 I.
1589 2617 1626 2634 an
1645 2609 1696 2640 IL,
1715 2609 1824 2635 dubium
1842 2612 1886 2635 est.

217 2678 223 2682 ³
245 2644 264 2674 ⁴)
289 2643 334 2669 Ob.
350 2648 458 2670 c1.1.·366.

242 2693 269 2711 τι,
281 2685 311 2717 L,
331 2686 367 2711 ob.
380 2695 404 2712 α.
416 2691 488 2713 14⁹7.

560 2648 580 2678 ⁵)
605 2647 650 2673 Ob.
665 2658 689 2674 a.
702 2653 771 2675 1075.
873 2652 892 2682 ¹³)
916 2650 1084 2677 Ob.a.15·21.
1184 2655 1204 2684 τ)
1228 2652 1394 2679 (›b.a.1633.
1495 2654 1515 2684 ¹³)
1539 2652 1584 2679 Ob.
1599 2660 1624 2678 a.
1636 2654 1705 2679 1532.
1809 2653 1828 2684 ⁹)
1850 2652 1887 2678 H.

595 2692 626 2721 ¹¹¹)
647 2690 684 2717 H.
699 2700 724 2716 n.
739 2692 799 2724 IV„
819 2693 857 2719 ob.
875 2701 900 2719 (ι,
913 2696 979 2719 1614.
1087 2696 1118 2727 ¹¹)
1138 2695 1173 2721 Η.
1190 2703 1215 2720 η.
1230 2695 1262 2728 I..
1283 2695 1320 2722 ob.
1335 2704 1358 2720 a.
1371 2698 1439 2721 1691.
