2054 2948
279 106 340 136 136

315 321 388 347 VIII.
402 321 458 347 kal.
502 321 543 347 22.

329 501 389 526 VII.
403 500 459 526 kal.
503 499 545 525 23.

348 721 394 746 VI.
408 720 464 746 kal.
504 721 546 748 24.

357 908 390 933 V.
404 908 460 934 kal.
505 908 546 933 25.

344 1062 390 1088 IV.
405 1063 461 1089 kal.
506 1063 546 1088 26.

346 1336 393 1362 111.
407 1335 463 1361 kal.
509 1335 550 1361 27.

364 1566 397 1592 Π.
412 1566 468 1592 kal.
513 1566 554 1592 28.

411 1884 466 1910 kal.
532 1884 554 1910 1.

353 2146 399 2172 VI.
414 2155 475 2173 non.

367 2369 400 2395 V.
415 2378 479 2396 non.
532 2369 556 2395 3.

530 2147 554 2173 μ’)

870 101 1055 128 DIOECESIS
1074 100 1139 127 PAS
1145 99 1332 127 SAVIENSIS.

640 188 735 221 burga..
774 188 826 221 [Fr.
841 187 943 213 Paulus
957 186 1065 213 Tfinchl
1084 195 1119 212 m.
1134 187 1162 212 et
1177 185 1247 219 prof.
1261 185 1343 210 monii
1362 185 1383 210 si
1396 183 1471 210 Petri
1485 183 1662 218 Salczpurge.
1698 183 1741 209 F'r.
1753 183 1851 210 Petrus
1869 184 1929 218 pbr.

641 232 669 257 et
688 231 756 264 prof.
771 230 834 256 Alte
849 229 997 256 Inferioris.
1035 230 1064 255 F.
1079 228 1167 254 David
1180 228 1240 262 pbr.
1255 229 1283 254 et
1296 227 1366 261 prof.
1380 227 1408 253 in
1423 227 1587 260 Formpach.
1624 226 1775 253 Catharina
1788 227 1930 261 Ramppin

641 273 747 299 smoulis
767 273 793 298 in
814 272 975 305 chiemsee]

588 316 793 348 Hermannus
816 316 885 357 pbr.
904 316 958 346 cfr.
976 326 1006 346 n.
1024 314 1063 345 de
1088 314 1251 345 Seccovia.
1297 317 1408 343 Uli-icus
1432 317 1523 343 dietus
1545 316 1645 349 Rorer‚
1676 325 1693 343 a
1716 325 1771 350 quo
1795 317 1931 344 habemus

641 368 670 398 Ὗς
685 368 714 393 u,
756 366 885 392 Erasmus
905 366 1031 399 Tfingast
1056 364 1115 398 pbr.
1134 366 1162 390 et
1185 372 1245 389 ean.
1262 363 1289 388 h.
1306 363 1396 389 eeclie.
1433 362 1574 395 Nyeolaus
1593 362 1653 395 pbr.
1671 364 1699 389 et
1718 371 1777 388 ean.
1797 363 1930 389 Novecel-

640 409 725 434 lensis
744 409 787 434 ob.
823 408 932 434 Marcus
952 407 1075 433 Puecher
1097 415 1155 433 can.
1173 408 1202 432 et
1221 406 1280 439 pbr.
1299 405 1327 431 in
1347 405 1540 431 Walthawsen
1559 405 1608 431 cfr.
1621 414 1646 430 n.
1684 405 1822 431 Iohannes
1842 405 1932 432 dictus

642 451 817 477 Marschalch
836 451 896 484 pbr.
911 452 937 476 et
958 459 1017 476 can.
1032 449 1142 475 ibidem.
1181 448 1232 481 [Fr.
1247 447 1369 474 Ciriaous
1389 447 1459 474 diae.
1474 447 1502 473 in
1523 447 1695 481 Novaoella]

590 494 803 526 Perehtoldus
826 494 894 535 pbr.
914 497 946 524 et
969 504 1037 524 can.
1055 493 1325 533 Salezpurgensis.
1371 491 1449 522 Otto
1473 491 1542 532 pbr.
1560 494 1593 522 et
1609 501 1677 522 can.
1695 491 1736 522 de
1751 491 1933 522 Walthusa.

643 544 806 571 Chunradus
824 544 915 570 dictus
935 543 1053 577 Pewgel‚
1073 543 1121 576 qui
1141 543 1218 569 dedit
1236 542 1317 568 nobis
1335 542 1496 568 walmerum
1516 542 1545 568 in
1561 542 1697 568 Florntor.
1735 542 1933 569 Chollomanus

642 589 701 621 pbr.
720 590 748 614 et
767 596 826 613 can.
846 590 874 613 et
891 588 923 613 fr.
937 596 963 613 n.
977 587 1011 613 de
1030 587 1215 619 Nova(cella).
1252 586 1387 620 Magister
1406 585 1598 612 Wentzeslaus
1618 585 1677 618 pbr.
1691 587 1720 612 et
1739 593 1798 611 can.
1815 585 1844 611 in
1862 585 1934 611 Wit-

643 631 758 665 tignaW.
795 630 982 663 [Reverendus
1006 629 1033 655 in
1054 629 1164 656 Christo
1184 630 1214 655 D.
1229 628 1352 655 Mathias
1368 628 1455 663 Vogt,
1482 628 1622 661 quondam
1641 628 1698 655 dec.
1717 627 1746 654 in
1765 628 1934 662 Baumburg,

644 674 801 707 postulatus
820 681 897 706 ppos.
912 673 1028 698 Auensis
1047 681 1089 698 ao.
1105 672 1189 705 1604]

592 716 814 759 Weruherdus
831 716 973 747 subdiac.
988 716 1028 746 de
1043 715 1208 747 Sekkovia
1223 715 1278 746 cfr.
1290 726 1319 745 n.
1352 714 1599 746 Marohardus
1616 714 1740 745 dictus
1756 714 1937 746 Ohamrer

644 768 736 798 civis
755 767 999 798 Pataviensis
1023 767 1078 798 ob.
1127 766 1308 798 Albertus
1332 777 1437 807 ppos.
1456 765 1489 796 Si
1506 765 1713 807 Florianil)
1739 765 1793 797 ob.
1839 770 1937 797 Eufro-

644 818 704 843 sina
723 818 831 844 smonlis
846 817 1036 844 Gotwicensis.
1074 818 1240 848 Petronena,
1260 819 1350 843 mater
1369 817 1537 843 venerabilis
1556 816 1645 850 patris
1664 817 1797 843 Iohannis
1816 817 1843 843 h.
1857 817 1938 843 monii

646 861 733 894 ppos&
752 870 771 886 r.
786 860 803 886 i.
818 869 843 894 p.
882 861 975 887 Amen.

591 904 664 945 Mgr
687 904 846 935 Iohannes
876 904 943 945 pbr.
966 907 998 934 et
1025 914 1093 934 can.
1110 903 1326 944 Patavienffis,
1360 914 1378 934 a
1402 915 1464 944 quo
1489 903 1646 935 habemus
1672 906 1683 934 1
1703 908 1732 934 it.
1756 903 1939 935 reddituum

645 955 684 986 de
709 957 796 986 curia
816 961 850 986 na
866 956 897 985 in
913 955 1072 986 Mautorn.
1120 954 1310 986 chunradus
1331 955 1433 986 dictus
1450 956 1706 996 Poppenperger
1727 954 1796 996 pbr.
1815 958 1847 986 et
1871 965 1938 986 can.

643 1007 673 1038 h.
692 1007 791 1038 ecclie.
838 1012 882 1038 Fr.
899 1011 1041 1037 Erhardus
1065 1011 1126 1045 pbr.
1145 1013 1174 1038 et
1197 1021 1232 1037 m.
1250 1012 1284 1037 de
1308 1011 1440 1038 Mennsee
1464 1011 1513 1037 cfr.
1531 1021 1558 1037 n.

592 1058 808 1089 Wolfhardus
837 1058 905 1099 pbr.
928 1062 960 1089 et
988 1058 1041 1088 cfr.
1065 1069 1105 1097 n.‚
1131 1058 1291 1098 quondam
1315 1058 1400 1098 pleb.
1423 1059 1455 1088 in
1475 1057 1731 1099 XVydernspach.
1785 1057 1940 1089 Albertus

645 1110 777 1140 Institor
797 1110 872 1140 civis
889 1109 1099 1140 Pataviensis.
1142 1109 1237 1140 Unde
1260 1109 1417 1140 habemus
1436 1109 1470 1146 ¹[2
1487 1114 1517 1139 τὺ,
1553 1112 1716 1139 chunradus
1735 1113 1827 1140 dictus
1846 1112 1941 1138 Hfiber

645 1160 706 1193 pbr.
720 1162 748 1186 et
765 1169 824 1186 can.
839 1160 1044 1186 Ranshofensis.
1074 1160 1236 1186 chunradus
1249 1160 1309 1194 pbr.
1324 1162 1352 1186 et
1366 1169 1425 1186 can.
1441 1160 1469 1186 in
1484 1160 1699 1186 Newnkirchen.
1728 1159 1866 1186 Martinus
1880 1160 1939 1193 pbr.

646 1204 675 1229 et
688 1203 746 1229 dec.
760 1203 794 1228 ad
809 1205 865 1228 Sum
879 1202 1033 1236 Ypolitum.
1071 1203 1102 1228 D.
1118 1202 1227 1228 Ulricus
1241 1202 1469 1229 Plankhenfelser
1487 1211 1544 1236 eps.
1559 1202 1761 1235 Chiemensis.²)
1798 1202 1860 1236 [Ob.
1875 1202 1940 1228 Bal-

647 1246 743 1272 thasar
758 1246 923 1272 Windorffer
942 1245 1106 1272 tellonarius
1126 1246 1271 1279 ducatusa)
1292 1246 1426 1272 Baveriae
1446 1246 1481 1271 ad
1501 1248 1558 1271 Sum
1577 1245 1725 1272 Nicolaum
1744 1247 1823 1272 extra
1842 1246 1939 1272 Patta-

650 1288 723 1314 viani
743 1297 784 1314 ae.
798 1289 908 1322 (15J96.]

595 1331 789 1363 Riiohwinus
819 1332 921 1363 dictus
950 1331 1057 1371 Supan
1086 1333 1222 1363 servitor
1244 1343 1289 1370 n..
1323 1343 1342 1363 a
1369 1343 1432 1373 quo
1462 1332 1620 1363 habemus
1648 1334 1713 1372 3β.
1736 1332 1775 1363 de
1806 1336 1875 1363 orto
1910 1335 1942 1363 et

650 1383 745 1414 domo
773 1385 805 1414 in
834 1383 911 1414 villa
938 1388 983 1413 11²².
1035 1387 1188 1421 Sighardus
1211 1388 1390 1421 Mulhaymer
1413 1396 1474 1414 can.
1497 1390 1526 1414 et
1549 1388 1581 1415 D.
1601 1388 1631 1414 in
1654 1388 1872 1422 Reychensperg
1896 1387 1940 1414 ob.

649 1434 772 1460 Ortolfus
796 1434 886 1460 dictus
906 1433 1026 1460 Chobler
1044 1434 1103 1467 pbr.
1122 1435 1151 1460 et
1170 1442 1229 1460 can.
1248 1434 1276 1459 in
1294 1434 1394 1460 Suben.
1431 1434 1614 1460 Christannus
1634 1433 1736 1460 Riedar
1755 1434 1814 1467 pbr.
1833 1436 1862 1460 et
1882 1443 1942 1461 ean.

649 1477 678 1502 iu
702 1476 878 1503 Rannshofen
903 1476 946 1502 ob.
984 1476 1120 1502 Martinus
1144 1485 1221 1510 ppos.
1241 1477 1268 1502 in
1291 1477 1474 1510 Walthusa.³)
1511 1476 1679 1503 Wilhelmus
1702 1476 1762 1510 pbr.
1781 1479 1810 1503 et
1835 1486 1895 1504 can.
1914 1477 1942 1503 in

648 1519 872 1553 Reyoheusperg.
910 1520 939 1544 D.
954 1519 1098 1553 Typoldus
1117 1520 1286 1553 Sweinpekh
1305 1529 1363 1554 eps.
1377 1519 1582 1553 Secoviensis.⁴)

601 1563 799 1594 NVernherus
823 1563 862 1594 de
880 1563 1089 1604 Lampolting
1113 1564 1274 1604 quondam
1300 1574 1388 1604 ppos,
1407 1564 1437 1594 h.
1456 1563 1586 1605 ecol³⁸.⁵)
1633 1568 1754 1595 Thomas
1776 1577 1817 1594 cv.
1835 1568 1871 1594 ad
1887 1568 1941 1594 S¹¹¹¹²

649 1613 817 1639 Florianum.
856 1614 885 1639 D.
899 1613 1014 1639 Georius
1034 1614 1094 1647 pbr.
1109 1616 1136 1640 et
1156 1614 1231 1647 prior
1250 1614 1277 1640 iu
1295 1614 1452 1648 Asehpach.
1489 1615 1520 1640 D.
1536 1614 1684 1648 Gregorius
1704 1614 1819 1641 Prende]
1840 1614 1900 1648 pbr.
1915 1616 1943 1640 et

651 1665 710 1682 ean.
725 1656 750 1682 h.
765 1657 855 1682 monii.
893 1656 1039 1689 [Martinus
1053 1656 1133 1689 spor}
1153 1657 1212 1690 pbr.
1227 1659 1255 1683 et
1268 1666 1302 1682 m.
1318 1657 1346 1683 in
1361 1657 1463 1683 Altach
1478 1657 1612 1684 Inferiori.
1649 1657 1700 1684 Ob.
1713 1658 1744 1683 fr.
1756 1657 1943 1691 WVolfgangus

678 1720 682 1724 .
703 1719 708 1724 .
729 1699 825 1731 eberh)
845 1699 927 1733 prior,
949 1700 1006 1732 pbr.
1021 1707 1053 1724 ae
1073 1699 1142 1732 prof.
1157 1700 1237 1725 iuouii
1258 1700 1285 1726 in
1305 1700 1407 1725 Altach
1428 1699 1572 1733 InferiorL]

1001 1806 1228 1842 MARTIUS.

600 1879 791 1911 chunradus
811 1880 1014 1912 Camerarius
1036 1881 1111 1911 civis
1128 1881 1339 1921 Pataviensis,
1363 1891 1382 1911 a
1405 1891 1467 1922 quo
1484 1880 1641 1911 habemus
1660 1880 1694 1920 ¹s2
1706 1885 1736 1911 w.
1748 1880 1941 1911 reddituum.

651 1930 788 1956 Martinus
813 1931 903 1957 dietus
929 1931 1038 1962 RomeL
1067 1931 1187 1958 vicarius
1211 1931 1287 1958 chori
1312 1931 1488 1958 Pataviensis
1513 1933 1541 1957 et
1565 1931 1638 1964 pleb.
1663 1952 1667 1956 .
1688 1951 1694 1957 .
1714 1950 1720 1956 .
1745 1931 1780 1958 ob
1784 1950 1943 1958 .......

652 1973 731 1999 nobis
754 1973 788 1999 ad
808 1974 952 2007 oblagium
979 1976 1007 2000 et
1030 1975 1080 2000 dat
1099 1974 1178 2000 nobis
1196 1974 1227 2000 D.
1242 1983 1320 2008 ppos.
1334 1983 1360 2000 n.
1402 1974 1551 2000 Hainricus
1569 1973 1734 2000 Reisascher
1757 1973 1816 2007 pbr.
1831 1976 1859 2000 et
1884 1982 1942 2000 can.

649 2015 837 2042 Seccoviensis
856 2017 904 2043 cfr.
917 2027 942 2042 n.
954 2017 996 2043 ob.
1032 2017 1094 2050 Mgr
1109 2017 1244 2044 lohannes
1257 2017 1362 2043 Swartz
1382 2018 1442 2050 pbr.
1457 2018 1485 2043 et
1503 2025 1564 2043 ean.
1574 2016 1602 2042 in
1616 2016 1778 2049 Newburga
1791 2016 1943 2042 Claustrali

649 2058 692 2083 ob.
729 2058 760 2084 D.
775 2059 912 2086 Iohannes
933 2060 1019 2085 Maler
1037 2060 1097 2086 dec.
1114 2060 1142 2086 in
1163 2061 1261 2086 Suben.
1299 2060 1340 2093 [D.
1355 2060 1470 2086 Ioannes
1489 2059 1615 2085 Mundler
1633 2059 1694 2092 pbr.
1712 2060 1741 2085 et
1760 2067 1819 2085 can.
1833 2059 1868 2084 ad
1887 2058 1944 2084 Sum

650 2101 834 2134 Yppolitum.]

599 2143 726 2174 Ulricus
751 2144 790 2175 de
807 2145 907 2176 Wald
932 2156 997 2177 ean.
1016 2145 1236 2177 Seceoviensis
1259 2146 1296 2176 fr.
1314 2157 1343 2176 n.
1390 2150 1581 2177 Christoforus
1601 2149 1662 2183 pbr.
1682 2151 1711 2176 et
1730 2158 1791 2176 can.
1808 2149 1837 2175 in
1853 2149 1942 2176 Nova-

652 2195 723 2220 cella
746 2196 793 2221 cfr.
808 2205 833 2221 n.
877 2196 918 2222 Fr.
933 2197 1069 2223 Iohannes
1093 2206 1133 2223 cv.
1151 2198 1233 2223 monii
1256 2197 1324 2230 prof.
1345 2197 1373 2222 in
1393 2198 1448 2223 Bor
1471 2197 1516 2222 cfr.
1531 2205 1556 2222 n.
1599 2195 1740 2222 Erhardus
1758 2196 1819 2229 pbr.
1837 2204 1897 2222 ean.
1915 2197 1944 2222 et

651 2237 815 2264 licenciatus
832 2239 859 2264 in
873 2239 999 2270 decretis,
1014 2240 1081 2273 prof.
1097 2241 1132 2266 ad
1146 2241 1202 2265 Sum
1216 2240 1391 2274 Yppolitum.
1428 2240 1459 2266 D.
1474 2239 1603 2266 Mattheus
1617 2239 1678 2273 pbr.
1689 2240 1718 2265 et
1731 2248 1766 2265 m.
1780 2238 1809 2264 in
1821 2239 1942 2272 Aspach.

652 2280 682 2305 D.
696 2280 819 2306 Andreas
833 2281 974 2308 Mauttner
991 2283 1050 2315 pbr.
1065 2284 1093 2309 et
1107 2282 1164 2309 dec.
1181 2282 1210 2308 in
1224 2282 1401 2317 Salczburga.
1434 2282 1486 2316 [Fr.
1498 2282 1684 2316 Wolfgangus
1698 2281 1889 2307 Krottentaler
1907 2290 1943 2307 m.

654 2324 681 2348 et
700 2331 754 2348 sac.
769 2322 797 2348 in
817 2324 1008 2358 Alderspaeh.]

601 2365 800 2396 WVernherus
831 2366 932 2398 dietus
955 2368 1193 2409 Iohenstainer,
1226 2380 1245 2400 a
1273 2379 1335 2410 quo
1366 2368 1523 2399 habemus
1550 2367 1584 2406 ¹l2
1603 2372 1633 2397 w
1649 2367 1703 2398 tal.
1727 2377 1823 2408 super
1846 2366 1942 2398 domo

650 2417 838 2457 gladiatoris
855 2419 1061 2459 Wernhardi,
1092 2431 1174 2461 quae
1199 2420 1313 2451 dantur
1336 2421 1367 2451 in
1392 2420 1556 2451 nativitate
1581 2418 1701 2450 domini
1726 2422 1757 2449 et
1781 2419 1944 2459 pertinent

653 2468 693 2498 ad
718 2469 893 2509 hystoriam
918 2476 945 2499 s⁶
966 2471 1204 2512 Chunegundis.
1251 2475 1388 2502 Iohannes
1407 2474 1498 2501 dictus
1517 2473 1600 2500 wau·
1618 2482 1674 2500 ace.
1692 2473 1773 2500 ecclie
1788 2473 1943 2507 Herzogen-

397 2585 420 2616 ³)
439 2587 538 2611 ducatis
558 2588 611 2612 cod.
716 2588 740 2620 b)
759 2589 851 2614 Prima
865 2599 932 2622 pars
951 2592 1061 2616 ηοήιίηἰε
1080 2592 1262 2624 distinguenda
1279 2601 1332 2617 ‘non
1350 2596 1392 2617 est.

399 2662 419 2693 ¹)
440 2661 483 2687 Ob.
496 2665 567 2695 1331,
585 2662 640 2689 dies
659 2672 712 2689 non
730 2668 842 2692 constat.
934 2666 954 2698 ²)
978 2666 1023 2693 Ob.
1036 2675 1060 2692 (ι.
1075 2671 1144 2693 1467.
1235 2669 1256 2700 ³)
1277 2667 1322 2694 Ob.
1336 2676 1361 2693 a.
1375 2671 1444 2698 1457,
1465 2666 1507 2693 die
1524 2667 1634 2693 incerto.
1725 2667 1745 2699 ⁴)
1765 2665 1844 2692 Deest
1865 2665 1941 2698 apud

295 2703 378 2730 Gams
397 2706 420 2730 et
439 2703 530 2730 Eubel.

638 2708 658 2739 ⁵)
682 2706 727 2733 Ob.
741 2716 765 2733 (ι.
780 2711 851 2739 1348,
870 2708 911 2734 die
930 2709 1038 2736 incerto.
