2054 2948
243 114 303 144 362
853 105 1035 132 DIOECESIS
1055 103 1276 130 LENTIENSIS.

602 192 703 219 Altach
724 190 858 218 Inferiori.
895 191 1017 216 Andreas
1041 189 1101 223 pbr.
1122 188 1155 214 de
1173 188 1325 214 Lambach.
1364 187 1521 213 Leonardus
1543 187 1602 221 pbr.
1622 187 1650 213 in
1669 187 1887 216 Cremsminster.

601 234 755 261 Bernartius
780 234 841 267 pbr.
865 233 900 259 ad
925 233 1027 259 Scotos.
1073 231 1185 257 Maurus
1210 230 1286 263 prior
1311 230 1344 256 de
1370 229 1517 256 Gottwico.
1563 230 1606 256 Fr.
1626 230 1767 257 Oonradus
1793 240 1834 258 cv,
1858 231 1887 257 in

600 277 731 310 Scheyrn.
762 276 943 310 lldephonsus
962 275 988 300 in
1004 274 1160 306 Altenburg
1179 273 1238 306 pbr.
1270 272 1401 298 Placidus
1417 273 1478 306 pbr.
1491 273 1519 298 in
1534 272 1683 300 Lambach.
1715 273 1888 301 Coelestinus

600 320 660 353 pbr.
675 318 895 345 Cremifauensis.
932 318 963 344 D.
978 312 1149 343 Ae‘milianus
1168 315 1230 341 abb.
1245 315 1272 341 in
1290 315 1477 348 Formbach.¹)
1508 315 1621 342 Gabriel
1640 316 1700 350 pbr.
1714 316 1743 342 in
1758 317 1887 344 Admont.

604 362 739 388 Henricus
758 361 817 395 pbr.
837 361 872 386 ad
891 361 948 386 Sum
962 359 1128 385 Florianum.
1166 358 1314 391 Gregorius
1333 358 1393 391 pbr.
1407 358 1497 384 Burae
1516 358 1537 384 si
1550 358 1704 385 Michaelis.

318 408 352 433 II.
365 415 426 433 non.
480 407 504 432 4.
549 405 601 432 Ob.
616 404 748 431 Nicolaus
767 405 795 430 et
808 402 955 429 Udalricus
974 402 1034 435 pbri
1048 402 1081 428 de
1095 401 1242 427 Gottwico.
1274 401 1386 427 Maurus
1406 401 1439 427 de
1452 401 1555 428 Altach
1570 401 1717 435 Superiori,
1738 402 1888 429 Balthasar

599 448 632 474 de
656 447 807 480 Salzbnrga.
831 445 900 479 pbri.
940 445 1102 471 Franciscus
1125 444 1158 469 de
1182 443 1284 470 Altaeh
1310 444 1462 477 Superiori,
1488 444 1606 478 Magnus
1629 445 1662 471 de
1682 445 1794 472 Mansee
1817 445 1887 479 pbri.

600 490 715 516 Iodocus
734 489 805 515 diac.
823 488 856 514 de
874 488 1034 521 Salzburga.
1066 486 1234 512 Wilhelmus
1252 486 1312 520 pbr.
1326 487 1359 512 de
1377 486 1498 513 Mellico.
1535 487 1568 514 D.
1580 487 1717 521 Caspai-us
1736 488 1800 514 abb.
1812 487 1888 514 Hila-

602 532 731 562 riensis.²)
770 531 914 557 Anselmus
933 531 992 564 pbr.
1007 530 1040 556 de
1054 529 1172 555 Mellico.
1204 529 1328 556 Andreas
1347 530 1408 563 pbr.
1426 529 1454 556 in
1468 529 1576 556 Gleink.
1614 529 1703 556 Maria
1720 531 1888 563 Magdalena

600 583 651 601 sor.
670 575 694 600 la
714 573 741 599 in
762 573 895 607 Nunberg
914 572 1076 605 Salisburgi.
1113 572 1289 603 Franciscus,
1310 573 1461 602 Amandus,
1487 573 1603 606 Prosper
1621 575 1650 599 et
1668 573 1805 599 Matthias
1828 574 1888 607 pbri

599 617 626 642 in
643 616 852 649 Heichersperg.
884 615 1024 641 Marianus
1043 614 1103 648 pbr.
1117 614 1146 640 in
1159 614 1284 640 Ossiaeh.
1321 615 1364 641 Fr.
1378 615 1497 649 Prosper
1512 615 1546 641 ad
1561 615 1617 641 Sum
1630 615 1773 642 Zenonem.
1803 616 1889 643 Fran-

598 659 686 686 ciscus
705 659 765 692 pbr.
785 658 819 684 ad
840 660 896 684 Sum
909 658 1052 684 Zenonem.
1089 657 1203 684 Gabriel
1223 657 1346 684 subdiac.
1366 658 1394 683 in
1414 657 1655 692 Closterneuburg.

363 712 425 730 non.
478 704 502 730 5.
549 702 646 728 Petrus
663 702 723 735 pbr.
737 711 762 727 n.
775 710 795 727 c.
829 700 994 726 Valentinus
1013 709 1070 727 acc.
1084 700 1117 726 (le
1132 700 1209 727 Cella
1219 700 1333 727 Mariae.
1365 701 1496 727 Placidus
1510 701 1543 728 de
1557 701 1719 735 Tegernsee.
1751 701 1888 728 Martinus

599 745 659 778 pbr.
689 744 723 770 ad
749 744 806 770 Sum
829 743 999 769 Udalricum.
1042 743 1145 769 Paulus
1173 743 1248 777 prior
1276 743 1309 769 de
1335 743 1454 770 Mellico.
1496 744 1629 770 Henrieus
1657 753 1698 770 cv,
1722 744 1752 770 in
1778 744 1888 771 Gleink.

599 787 738 813 Robertus
758 786 817 820 pbr.
831 786 1003 813 Hilariensis.

267 832 340 857 VIII.
355 831 390 857 id.
476 831 499 857 6.
545 830 595 856 Ob.
610 829 722 855 Maurus
741 828 869 862 supprior
888 829 916 854 iu
931 829 1094 862 Tegernsee.
1125 828 1274 863 Gregorius
1293 829 1417 855 subdiac.
1432 838 1456 856 n.
1471 838 1493 855 c.
1524 829 1658 863 Georgius
1677 831 1705 856 et
1722 829 1888 856 Benedictus

599 871 660 905 pbri
679 871 711 897 de
732 870 892 905 Salzburga.
930 871 1015 898 Israel
1035 871 1095 904 pbr.
1111 871 1144 897 de
1164 871 1266 897 Altach
1286 871 1434 905 Superiori.
1472 871 1613 906 Religiosa.
1632 871 1710 906 virgo
1729 872 1841 898 Martha
1859 872 1888 898 in

602 914 735 940 Kiebach.
773 913 922 947 Philippus
941 914 1018 948 prior
1037 914 1241 940 Lambacensis.
1279 914 1440 940 Franciscus
1460 915 1520 948 pbr.
1539 915 1574 941 ad
1593 914 1649 941 Sum
1662 914 1830 941 Florianum.

285 959 345 985 VII.
359 958 395 985 id.
479 959 501 984 7.
548 957 598 984 Ob.
616 958 648 983 D.
670 957 807 990 Rupertus
831 957 932 989 abb.³),
957 957 1081 984 Andreas
1107 957 1167 990 pbr.
1191 957 1224 983 de
1248 957 1408 991 Salzburga.
1456 957 1487 983 D.
1505 957 1638 991 Aegidius
1662 958 1726 984 abb.
1750 958 1888 990 ibidem.⁴>

601 999 735 1033 Georgius
759 999 834 1033 prior
857 1000 890 1025 de
911 1000 1012 1026 Altach
1032 999 1167 1026 Inferiori.
1209 1000 1311 1025 Paulus
1336 1000 1395 1033 pbr.
1416 1000 1443 1026 iu
1463 1001 1609 1034 Tegernse.
1651 1001 1890 1032 Bartholomaeus,

599 1042 771 1076 Augustinus
795 1043 855 1076 pbri
874 1043 907 1069 de
926 1043 1030 1069 Altach
1055 1043 1203 1076 Superiori.
1240 1043 1333 1069 Simon
1358 1043 1416 1076 pbr.
1437 1043 1464 1069 in
1487 1043 1639 1070 Chiemsee.
1679 1043 1888 1070 Maximilianus

598 1086 658 1119 pbr.
672 1095 698 1112 n.
713 1087 760 1118 oa)
798 1086 912 1112 Carolus
931 1087 992 1120 pbr.
1005 1086 1268 1113 Seittenstettensis.

301 1130 346 1156 VI.
360 1130 397 1156 id.
481 1129 504 1155 8.
552 1128 602 1155 Ob.
618 1129 748 1155 Albertus
769 1129 801 1154 de
821 1130 973 1159 La-mbaco,
999 1129 1147 1156 Udalricus
1166 1130 1199 1156 de
1219 1130 1321 1156 Altach
1341 1129 1466 1156 inferiori
1484 1129 1552 1163 pbri.
1588 1129 1724 1156 Matthias
1749 1129 1808 1162 pbr.
1827 1138 1852 1155 n.
1867 1137 1888 1155 e.

598 1171 733 1205 Georgius
753 1172 813 1206 pbr.
833 1172 866 1198 de
886 1172 989 1198 Altach
1012 1172 1161 1206 Superiori.
1202 1172 1234 1199 D.
1252 1172 1376 1198 Andreas
1398 1172 1462 1198 abb.
1481 1172 1617 1203 ibidem.⁵)
1660 1172 1795 1198 Achatius
1818 1172 1887 1206 pbr.‚

599 1215 786 1249 Wolfgangus
805 1216 873 1248 prof.
889 1218 916 1242 et
936 1216 995 1249 pbr.
1010 1216 1043 1242 de
1057 1216 1212 1250 Tegernsee
1232 1217 1259 1242 et
1278 1215 1354 1249 prior
1372 1215 1400 1241 in
1414 1215 1498 1241 Melk.
1528 1215 1671 1241 Abraham
1690 1215 1749 1248 pbr.
1763 1215 1797 1241 de
1811 1215 1890 1240 Lam-

598 1257 678 1283 bach.
710 1257 926 1291 Christophorus
940 1258 1001 1292 pbr.
1015 1259 1048 1284 de
1060 1258 1225 1291 Altenburg.
1256 1258 1421 1284 Guilielmus
1436 1260 1464 1284 et
1476 1257 1581 1284 Vitalis
1594 1257 1654 1292 pbri
1668 1258 1703 1283 ad
1716 1258 1773 1283 Sum
1783 1257 1889 1284 Vitum.

600 1300 764 1333 Rudolphus
792 1301 853 1334 pbr.
880 1301 908 1326 in
937 1301 1065 1327 Admout.
1110 1301 1295 1335 Ildephonsus
1323 1301 1382 1334 pbr.
1406 1301 1441 1326 ad
1469 1301 1525 1327 Sum
1550 1300 1710 1327 Udalricum
1739 1302 1768 1327 et
1795 1300 1890 1326 Afram

599 1343 751 1376 Augustae.

316 1385 346 1411 V.
361 1385 397 1411 id.
480 1386 503 1411 9.
549 1385 599 1412 Ob.
615 1386 733 1411 Lazarus
753 1386 812 1419 pbr.
828 1386 853 1411 in
869 1386 1031 1420 Tegernsee.
1063 1386 1094 1412 D.
1109 1387 1244 1413 lohannes
1263 1387 1326 1412 abb.
1341 1386 1478 1419 ibidemfi)
1509 1386 1673 1412 Eustachius
1693 1386 1753 1419 pbr.
1767 1386 1799 1412 de
1817 1386 1891 1412 Salz-

598 1428 694 1462 burga.
734 1429 918 1462 wolfgangus
944 1429 1002 1463 pbr.
1023 1429 1056 1455 (le
1076 1429 1242 1456 Ratisbona
1280 1429 1400 1455 Michael
1425 1438 1465 1455 cv.
1486 1429 1513 1454 in
1533 1428 1652 1462 Polling.
1690 1428 1806 1454 Iacobus
1830 1429 1890 1462 pbr.

599 1471 632 1497 de
658 1471 734 1497 Cella
759 1472 872 1498 Mariae.
915 1473 1031 1498 loannes
1060 1472 1119 1505 pbr.
1141 1473 1174 1498 de
1197 1472 1283 1498 Altah
1310 1471 1445 1498 Inferiori.
1490 1471 1519 1498 P.
1539 1471 1732 1505 Beringandus
1759 1480 1791 1498 ex
1818 1472 1891 1498 Bura

599 1514 620 1538 si
633 1514 788 1540 Michaelis.
820 1514 957 1541 Antonius
976 1515 1036 1548 pbr.
1050 1515 1082 1541 de
1096 1515 1219 1541 Mellico.
1251 1514 1358 1549 Regina
1372 1514 1524 1541 Benedicta
1543 1515 1619 1547 prosa
1631 1514 1659 1539 in
1673 1514 1888 1540 Hoohenwarth.

599 1556 772 1583 Christianus
797 1557 855 1591 pbr.
875 1557 902 1583 in
928 1557 1056 1583 Admont.
1099 1557 1254 1583 Ludovicus
1280 1558 1339 1591 pbr.
1364 1557 1392 1583 in
1412 1557 1573 1591 Tegernsee.
1610 1556 1641 1582 D.
1660 1557 1799 1583 Romanus
1823 1557 1888 1584 abb.

600 1600 632 1625 de
653 1600 728 1626 Cella
750 1601 887 1633 Mariaeff)

309 1641 355 1667 IV.
369 1641 405 1668 id.
468 1642 505 1668 10.
552 1642 602 1668 Ob.
624 1642 744 1668 Thomas
768 1643 801 1669 de
821 1643 1093 1677 Windischgarsten,
1119 1643 1280 1669 benefactor
1303 1653 1327 1669 u.
1372 1643 1505 1669 Nicolaus
1528 1644 1556 1668 et
1580 1642 1714 1675 Georgius
1737 1643 1796 1676 pbri
1820 1652 1845 1668 n.
1866 1651 1888 1668 c.

599 1685 734 1719 Georgius
754 1686 813 1719 pbr.
833 1686 866 1712 cle
887 1686 1106 1712 Cremsminster.
1144 1687 1185 1712 Fr.
1200 1686 1367 1713 Benedictus
1387 1686 1419 1712 de
1440 1685 1600 1711 Ratisbona.
1637 1686 1775 1711 Antonius
1794 1694 1835 1711 cv.
1855 1685 1888 1712 de

600 1728 701 1754 Altach
721 1729 856 1755 Inferiori.
893 1729 1023 1759 Adamus,
1044 1729 1210 1755 Laurentius
1230 1731 1257 1755 et
1277 1729 1485 1755 Maximilianus
1504 1729 1564 1762 pbri
1583 1729 1616 1754 de
1635 1729 1763 1754 Admont.
1801 1728 1888 1754 Kilia-

599 1781 649 1797 nus
664 1780 704 1797 cv.
720 1772 752 1798 dc
767 1772 886 1798 Mellico.
918 1773 1050 1798 Placidus
1064 1772 1123 1806 pbr.
1135 1772 1318 1798 Glunicensis.
1352 1772 1475 1798 Thobias
1490 1772 1549 1805 pbr.
1564 1771 1590 1797 in
1605 1771 1727 1797 Scheirn.
1759 1771 1889 1805 Augusti-

599 1823 648 1839 nus
667 1814 742 1847 prior
762 1815 789 1840 in
808 1815 968 1848 XVillering.
1007 1816 1133 1841 Ioannes.
1155 1815 1299 1847 Albertus,
1319 1815 1461 1843 Nicolaus.
1488 1814 1622 1841 Patritius
1641 1814 1702 1848 pbri
1720 1814 1746 1839 in
1767 1814 1889 1847 Polling.

600 1857 780 1884 uodehardus
799 1859 860 1892 pbr.
880 1859 908 1884 in
929 1858 1120 1884 Rider-altach.

302 1897 398 1923 111.id.
466 1899 504 1924 11.
550 1899 600 1925 Ob.
620 1900 760 1926 Com-udus
783 1901 816 1927 de
841 1900 918 1927 Cella
941 1901 1058 1932 Maria-e,
1085 1900 1219 1927 Henricus
1245 1901 1279 1927 de
1300 1900 1454 1934 Salzburga
1479 1900 1547 1934 pbri.
1589 1900 1718 1926 Albertus
1744 1900 1803 1933 pbr.
1822 1909 1847 1925 n.
1867 1908 1889 1926 c.

599 1942 748 1976 Gregorius
771 1944 831 1977 pbr.
851 1944 884 1970 de
904 1944 1121 1970 Creuisniinster.
1158 1944 1189 1970 D.
1209 1944 1425 1977 Christophorus
1449 1944 1513 1970 abb.
1533 1944 1566 1969 de
1590 1943 1735 1973 Mansee.⁸)
1772 1943 1889 1969 Ioannes

599 1986 660 2018 pbr.
673 1986 706 2012 (le
720 1986 839 2012 Mellico.
871 1987 1028 2013 Leonardus
1042 1989 1070 2013 et
1086 1987 1206 2013 lustinus
1225 1987 1284 2020 pbri
1304 1987 1336 2013 de
1351 1987 1479 2013 Adniont.
1514 1986 1634 2011 Adamus
1647 1986 1707 2019 pbr.
1721 1985 1749 2011 in
1762 1984 1888 2011 Raitten-

601 2028 725 2054 haslach.
763 2029 792 2054 D.
807 2029 980 2062 Augustinus
1000 2030 1033 2056 de
1048 2030 1291 2063 Closterneuburg.
1323 2029 1472 2063 Philippus
1491 2029 1549 2062 pbr.
1565 2037 1597 2054 ac
1616 2028 1744 2061 supprior
1763 2027 1791 2053 in
1813 2028 1888 2054 Rott.

601 2071 690 2096 Maria
703 2071 855 2097 Catharina
872 2072 899 2097 in
920 2072 1054 2105 Nunberg
1071 2072 1234 2106 Salisburgi.
1274 2072 1436 2098 Franciscus
1455 2071 1515 2105 pbr.
1533 2073 1562 2098 et
1580 2080 1635 2098 sen.
1654 2071 1689 2096 ad
1707 2070 1763 2096 S¹¹¹¹¹
1777 2070 1890 2096 Petrum
1912 2084 1915 2086 v

600 2113 764 2148 Sulisburgi.

317 2153 351 2178 II.
367 2153 402 2179 id.
471 2156 508 2181 12.
554 2155 603 2181 Ob.
618 2156 775 2189 Stephanus
795 2166 835 2183 cv.
850 2157 882 2184 de
897 2158 1044 2184 Gottwico.
1076 2158 1107 2184 D.
1122 2158 1219 2184 Petrus
1239 2158 1302 2183 abb.
1317 2157 1349 2183 de
1365 2157 1466 2183 Altaeh
1485 2156 1644 2188 111fe1·i0ri.⁹)
1674 2155 1809 2190 Georgius
1829 2156 1889 2189 pbr.

602 2198 635 2224 de
658 2198 690 2224 S0
709 2199 888 2226 Emmeramo.
931 2201 960 2226 D.
981 2201 1138 2227 Leonardus
1158 2201 1272 2232 abb.¹⁰l‚
1302 2200 1468 2226 Bertholclus
1491 2201 1520 2225 et
1544 2199 1710 2233 Pangratius
1738 2198 1798 2231 pbri
1821 2208 1847 2224 n.
1867 2207 1890 2225 c.

602 2241 768 2271 Thedosius,
794 2243 922 2274 Ioannes,
949 2243 1097 2277 Gregorius
1126 2244 1186 2277 pbri
1215 2243 1422 2269 Admontenses.
1466 2243 1563 2268 Petrus
1591 2242 1650 2275 pbr.
1673 2241 1701 2267 in
1727 2241 1889 2275 Tegernsee.

603 2284 738 2310 Honorius
759 2285 817 2318 pbr.
838 2285 864 2311 in
880 2286 1036 2320 Willering.

367 2323 401 2348 id.
470 2325 509 2350 13.
555 2325 604 2351 Ob.
626 2328 716 2360 Agnes
736 2327 848 2359 'l’ursiny
876 2329 1048 2355 benefactrix
1071 2334 1111 2354 na.
1148 2328 1179 2354 D.
1196 2328 1363 2355 Bertholdus
1383 2328 1446 2354 abb.
1465 2338 1489 2354 n.
1505 2329 1564 2360 e.¹¹)
1600 2327 1755 2360 Leopoldus
1778 2327 1838 2360 pbr.
1858 2326 1891 2353 de

602 2368 748 2396 Gottwico.
788 2371 902 2397 Ioannes
922 2372 980 2404 pbr.
1001 2372 1034 2397 de
1059 2371 1205 2397 Lambaeo.
1249 2372 1280 2398 D.
1300 2371 1455 2398 Bernartius
1478 2379 1556 2404 ppos.
1576 2371 1611 2396 ad
1634 2370 1690 2395 Sum
1710 2369 1890 2401 Zenonem.¹²)

347 2465 369 2493 ³)
392 2465 423 2489 Iu
443 2467 558 2497 maraine
577 2467 675 2496 '5⁴1694.

352 2536 371 2566 ¹)
395 2535 439 2561 Ob.
455 2545 480 2561 a.
494 2540 562 2562 1687.
697 2542 717 2569 ²)
739 2539 786 2565 Oh.
800 2550 825 2566 a.
837 2545 905 2572 166⁹,
924 2542 978 2567 diss
999 2542 1068 2567 varie
1088 2542 1211 2568 traditur.
1336 2543 1356 2576 ³)
1376 2542 1447 2569 Hm.
1467 2542 1505 2573 V..
1524 2541 1561 2567 ob.
1575 2545 1679 2567 (1.1495·
1804 2542 1824 2572 ⁴)
1846 2540 1891 2566 Ob·

245 2579 347 2601 (ι.1553.
464 2578 483 2609 ⁵)
503 2579 627 2604 Andreas
651 2581 729 2609 Wild,
749 2583 785 2608 ob.
801 2592 824 2608 a.
838 2586 903 2614 1553,
922 2584 968 2609 sed
987 2585 1064 2610 Febr,
1079 2588 1114 2616 18,
1134 2584 1235 2610 ridetur
1253 2594 1310 2611 esse.
1428 2586 1447 2617 ⁶)
1469 2586 1528 2617 Quo
1545 2582 1676 2617 pertinet?
1713 2583 1745 2608 In
1766 2583 1829 2608 serie
1847 2582 1890 2608 ab·

245 2617 332 2642 batum
356 2619 582 2652 Teym‘nscensium
602 2630 658 2647 ”non
678 2623 818 2651 inrem'tur.
932 2628 953 2659 ⁷)
977 2626 1022 2652 Ob.
1037 2636 1061 2653 a.
1073 2630 1146 2652 1699.
1258 2629 1279 2659 Β)
1303 2627 1348 2654 Ob.
1362 2636 1386 2654 a.
1400 2632 1469 2654 1579.
1586 2629 1605 2655 ¹³)
1629 2625 1674 2651 Ob·
1688 2634 1712 2651 a·
1724 2628 1787 2651 1⁴33
1805 2633 1890 2651 mense

216 2679 221 2682 .
246 2660 390 2687 Deccmbri.
498 2665 528 2695 ¹⁰)
553 2665 645 2690 Vtram
660 2667 681 2692 J.
696 2676 730 2691 αιι
754 2667 802 2700 IL,
822 2669 950 2695 incertum
969 2673 1013 2696 est.
1106 2672 1138 2702 ¹¹)
1159 2670 1204 2695 Ad
1223 2678 1295 2702 quem
1312 2671 1451 2702 pertineat,
1471 2670 1581 2695 (labium
1601 2672 1645 2695 est.
1741 2669 1772 2698 12)
1798 2669 1891 2695 Utrum

246 2703 270 2729 Ι.
285 2712 319 2727 (ιη
342 2704 388 2735 II„
409 2704 517 2730 dubium
535 2709 578 2732 esf.
