2054 2948
265 108 328 136 450

391 192 428 218 id.

283 345 372 372 XVII.
387 346 445 372 kal.

296 600 369 627 XVI.
383 601 439 627 kal.

311 856 369 883 XV.
383 857 438 882 kal.

295 1061 369 1087 XIV.
384 1061 440 1087 kal.

296 1420 370 1446 XIII.
384 1420 441 1446 kal.

311 1726 371 1753 XII.
386 1727 441 1754 kal.

321 2032 368 2058 XI.
383 2032 438 2058 kal.

341 2236 372 2262 X.
387 2237 442 2262 kal.

330 2441 374 2467 IX.
388 2441 445 2467 kal.

298 2540 370 2567 VIII.
385 2542 441 2568 kal.

884 100 1068 127 DIOECESIS
1089 100 1308 127 LENTIENSIS.

495 193 533 218 15.
580 188 799 219 Pernoldus
834 198 908 218 sac.
965 187 1151 218 Alheidis.
1209 186 1433 218 Hertnidus.
1485 186 1686 227 Hedwigis
1720 185 1764 216 de
1798 185 1922 216 Lintz.

628 239 763 270 Geuta.
814 239 1068 279 Margaretha.
1125 238 1351 269 Chunradus
1384 237 1548 269 Phalter
1583 237 1630 268 de
1665 237 1921 268 Ottenshaim.

627 291 780 322 UIrieus
803 294 998 321 mercator
1022 290 1066 320 de
1091 289 1348 329 Ottenshaim,
1372 289 1505 330 largus
1528 288 1761 320 benefactor
1782 299 1812 319 n.

493 346 531 372 16.
577 342 778 373 Gerbotus.
807 341 1033 372 Hadmarus.
1065 340 1291 371 Mehthildis
1309 341 1353 371 de
1370 340 1650 381 Edramsperig.
1687 339 1921 371 Ghunradus.

485 602 525 627 17.

485 857 527 883 18.

487 1062 526 1087 19.

486 1420 527 1447 20.

486 1727 527 1753 21.

486 2033 526 2059 22.

489 2238 529 2263 23.

490 2442 531 2468 24.

488 2544 528 2569 25.

625 393 854 434 Ger-wirgis.
901 393 1049 423 Heilea.
1097 391 1380 431 Chunegundis.
1432 391 1631 422 Henricus.
1684 390 1921 422 Chunradus.

623 444 859 475 Mehthildis.
914 444 1113 475 Henrious
1170 443 1429 484 Margarehta.
1487 442 1683 474 Sei-viatur
1715 441 1922 473 conventui

625 497 660 526 In
677 496 846 536 piscibus
864 498 901 526 et
917 495 1004 526 albo
1022 504 1118 535 pane
1137 493 1180 524 de
1199 493 1327 525 Ulrico
1343 494 1596 535 Ueezingario
1614 494 1657 524 de
1675 492 1921 534 Ebelsperoh‚

623 548 685 588 qui
710 546 816 577 dedit
841 547 896 586 5ss
920 546 1125 577 redituum.

571 598 634 628 Ob.
654 598 816 628 Thomas
840 598 994 635 Ozerer,
1019 607 1060 627 m.
1078 599 1114 627 et
1131 606 1202 627 sac,
1221 596 1267 627 de
1292 596 1466 633 Patavia.
1496 598 1598 628 1462.
1645 595 1862 637 Gregorius
1879 606 1921 626 m.

625 653 749 679 etsac.
776 649 820 679 de
844 648 1048 679 Altovado.
1088 647 1290 678 Henricus.
1329 648 1558 679 Dietmarus.
1597 647 1787 678 Perichta.
1821 646 1921 678 Hen-

624 701 734 730 ricus.
774 699 1036 740 Marquardus.
1075 698 1243 729 Wendel.
1282 699 1484 730 Arnoldus.
1524 698 1760 730 Mehthildis.
1800 698 1919 729 Chun-

624 750 737 781 radus
772 751 909 792 Chapo.
968 750 1198 780 VVolfkerus.
1255 750 1444 781 Alheidis.
1501 750 1700 781 Hem-icus.
1759 749 1920 780 Ulricus.

622 802 813 832 Henrious
838 801 884 832 de
908 801 1155 842 Ebelsperch.

573 853 749 883 Elizabet
773 853 817 884 de
842 853 985 884 Insula.
1032 852 1223 883 Ernestus.
1271 852 1491 894 Gerwirgis.
1531 852 1793 893 Marquardus.
1831 852 1921 893 Syg-

623 904 765 935 hardus
781 904 906 936 Piber.
941 904 1134 935 Henricus
1150 904 1451 945 Regenspurger
1475 904 1519 935 de
1537 903 1787 935 Ottenshaim.
1824 903 1920 934 Wal-

623 956 769 986 chunus
793 955 837 986 de
860 956 1038 996 Veezing.
1079 956 1214 997 Agnes.
1258 955 1512 986 Eberhardus
1536 956 1742 995 Ohastner,
1776 955 1823 986 de
1847 966 1920 996 quo

623 1008 818 1038 serviatur
842 1008 1049 1037 conventui
1074 1007 1264 1037 dominica
1287 1007 1437 1038 Letare.

573 1058 633 1089 Ob.
682 1069 762 1089 eom.
810 1058 970 1089 Iohannes
1022 1059 1062 1089 de
1111 1058 1343 1099 Schawnberg,
1392 1058 1475 1088 filius
1513 1057 1656 1089 Udalrici
1706 1058 1745 1088 de
1783 1057 1920 1097 Fridaw,

626 1109 999 1149 <M0GCCC⁰>LXXXV
1053 1109 1212 1140 Uli-icus
1243 1109 1286 1141 de
1317 1110 1486 1141 Lauffen
1517 1120 1558 1140 m.
1584 1113 1620 1141 et
1644 1119 1713 1140 sac.
1766 1108 1920 1140 Ulrieus

621 1172 692 1191 sac.
738 1161 964 1191 Dietmarus
998 1161 1042 1191 de
1073 1161 1215 1192 Lincza.
1245 1161 1427 1192 scolaris.
1474 1160 1711 1192 Chunradus.
1758 1161 1919 1191 Ulricus.

622 1212 822 1243 Heni-icus.
867 1212 1055 1243 Alheidis.
1106 1212 1341 1243 Mohthildis.
1389 1211 1488 1243 Tfita
1511 1212 1664 1243 smonffis.
1715 1212 1920 1243 Henricus.

623 1263 844 1294 Benedicta.
867 1263 971 1294 Rech
990 1264 1033 1295 de
1047 1264 1327 1295 Lufftenbereh
1341 1264 1458 1295 miles.
1479 1264 1654 1295 Elizabet
1667 1263 1711 1294 de
1724 1263 1920 1294 Wehssen-

625 1315 729 1355 berg.
777 1314 928 1345 Ulricus
953 1307 1092 1346 Ochsel
1118 1315 1161 1345 do
1185 1315 1328 1346 Libera
1352 1316 1534 1355 Civitate,
1560 1315 1605 1346 de
1631 1326 1701 1356 quo
1725 1316 1918 1346 serviatur

623 1367 829 1396 conventui
853 1366 1018 1397 secunda
1043 1367 1143 1397 feria
1167 1370 1255 1407 post
1278 1367 1434 1397 Letare.

574 1417 638 1447 Ob.
669 1417 708 1447 D.
734 1416 823 1447 Otto
856 1417 941 1447 abb.
974 1418 1009 1447 iu
1034 1417 1292 1459 wilhering1)„
1326 1417 1513 1458 quondam
1544 1416 1626 1448 abb.
1658 1418 1692 1447 in
1717 1416 1918 1448 Altovado.

622 1468 807 1498 Nicolaus
839 1468 1055 1499 Pasenezer
1086 1479 1125 1498 m.
1152 1472 1188 1499 et
1211 1479 1281 1499 sac.
1315 1468 1542 1499 Gebhardus
1573 1468 1724 1499 Tobler.
1778 1468 1918 1499 Reieza

623 1519 767 1550 smonlis
792 1519 835 1549 de
868 1519 1121 1550 Ottenshaini.
1176 1520 1290 1551 Ieuta
1323 1520 1366 1551 de
1400 1520 1521 1551 Lincz.
1570 1520 1668 1550 Otto.
1725 1519 1918 1560 AlburgiS.

623 1570 823 1601 Rubertus.
849 1570 948 1601 Otto.
974 1571 1173 1602 Iohannes.
1199 1571 1402 1603 Rubertus.
1426 1572 1533 1602 Anna
1550 1570 1918 1612 Geyselhaimerinn.

624 1622 715 1653 Veitt
735 1621 828 1652 Graff
849 1622 1079 1662 prebendarius
1104 1626 1136 1653 et
1159 1623 1214 1654 cfr.
1232 1634 1262 1653 n.
1290 1622 1597 1663 <MocCOO0>LXX
1633 1622 1785 1653 Erasmus
1802 1622 1918 1653 Kirch-

623 1684 738 1714 pergei·
765 1672 1090 1714 (M0CCCC0>LXXI.

574 1724 814 1754 Hermannus
838 1735 879 1755 m.
896 1728 934 1754 et
951 1735 1022 1755 sao.
1062 1726 1255 1756 Iohannes
1279 1736 1365 1759 sac..
1384 1726 1525 1756 amicus
1543 1725 1694 1756 ordinis.
1730 1725 1920 1755 Iohannes

622 1776 666 1806 de
692 1775 994 1816 Chyerehperoh
1018 1776 1146 1816 largus
1171 1776 1398 1807 benefactor
1421 1777 1450 1807 h.
1470 1776 1644 1807 ecclesie.
1679 1775 1920 1806 Walehunus.

622 1827 811 1858 Alheidis.
849 1826 1122 1858 Wernhardus.
1163 1827 1616 1869 Chunegundissmonliss.
1664 1827 1919 1858 Mehthildis.

622 1878 837 1909 Ekhardus.
888 1879 1127 1909 Ohalhohus.
1177 1879 1438 1921 Hildegundis
1472 1879 1516 1910 de
1545 1879 1674 1919 Perig.
1725 1878 1919 1909 Alheidis.

621 1929 859 1960 Chunradus.
898 1930 1132 1961 Diemuedis.
1171 1930 1421 1972 Marquardus
1446 1930 1708 1962 etGerdrudis
1731 1941 1786 1960 ux.
1822 1930 1918 1961 Lud-

622 1981 741 2011 wious
765 1981 1039 2022 Neundlinger.

574 2031 779 2062 Hainricus
801 2032 1028 2073 Stainpeck,
1054 2033 1098 2063 de
1124 2044 1196 2074 quo
1221 2033 1656 2064 serviaturconventui.
1689 2032 1918 2063 Waltherus.

623 2082 847 2114 Leukardis.
900 2084 1105 2115 Heni-icus.
1155 2084 1219 2115 Ob.
1251 2084 1343 2115 Otto
1368 2085 1566 2126 Hoffpeck
1597 2085 1689 2115 civis
1720 2083 1916 2124 Salczpur-

622 2135 763 2173 gensis,
790 2135 970 2165 fundator
986 2137 1097 2166 misse
1114 2137 1149 2166 in
1166 2139 1286 2177 porta,
1304 2136 1531 2167 MOCCCVI.
1556 2134 1786 2166 Wolfkerus.
1822 2135 1916 2166 Mar-

623 2185 790 2224 quardus
815 2186 988 2227 Schupel.

575 2234 755 2276 Magenso
772 2242 943 2268 111.etsac.
963 2238 1005 2269 de
1022 2239 1332 2270 Raitenhazlaoh.
1369 2239 1555 2270 Hem-icus
1571 2238 1667 2280 pleb.
1683 2238 1726 2269 de
1743 2238 1918 2270 Lonvelt.

623 2286 842 2318 Hertnidus.
871 2289 1101 2320 Dietmarus.
1129 2290 1359 2322 Baldwinus.
1387 2290 1584 2321 Henrious.
1614 2289 1793 2320 Ditricus.
1821 2290 1917 2321 Leu-

624 2337 763 2368 kardis.
809 2339 1021 2380 Hailwigis.
1068 2342 1214 2382 Poppo.
1262 2341 1440 2372 Ditricus.
1486 2341 1656 2373 Ulricus.
1699 2341 1916 2382 VVilwirgis.

624 2389 797 2420 Reihczss.
828 2390 1033 2422 Fridrieus.
1059 2392 1290 2424 Chunradus.
1317 2392 1500 2434 Syfridus.
1525 2392 1699 2423 Reihcza.
1723 2392 1914 2424 Periclita.

577 2439 780 2470 Ludwicus
810 2451 903 2471 eom.
933 2442 978 2473 de
1007 2436 1149 2484 Otting.
1200 2444 1415 2475 Hertbieus.
1463 2444 1564 2475 Otto.
1611 2443 1800 2474 Perichta.
1847 2444 1915 2475 Be-

622 2491 845 2522 richtoldus.
894 2493 1043 2524 Ulrieus
1068 2494 1202 2525 Heller
1227 2499 1263 2526 et
1286 2496 1415 2537 Agnes
1438 2506 1494 2525 ux.
1519 2496 1611 2525 eius.

575 2545 692 2572 Geel-ius
707 2547 1022 2581 Ki1·is:hpe1·ger<150>9.
1051 2550 1293 2583 Margarethaux.
1313 2551 1381 2577 eius.
1411 2546 1611 2577 Arnoldus.
1643 2545 1912 2577 Berichtoldus

624 2591 668 2622 de
694 2593 933 2634 Altenberig.
974 2595 1170 2637 GerwigiS.
1208 2598 1342 2628 Ofmia.
1382 2597 1570 2628 Berichta.
1605 2597 1777 2627 Helicha.
1813 2596 1911 2628 Hen-

370 2700 388 2731 ¹)
409 2700 446 2725 H.
461 2708 485 2725 n.
502 2700 569 2733 IIL,
589 2702 626 2728 ob.
646 2711 670 2728 (ι.
686 2703 738 2728 inc.
758 2712 821 2730 saec.
838 2704 919 2730 XII'.
