2054 2948
208 496 254 522 IV.
268 504 331 522 non.

207 757 254 783 III.
269 766 330 783 000.

220 869 254 894 11.
269 877 330 894 000.

271 1138 333 1155 non.

184 1288 256 1315 VIII.
270 1288 306 1314 id.

195 1547 254 1574 vll.
270 1548 305 1574 id.

208 1756 253 1783 VJ.
268 1758 303 1784 id.

210 2126 256 2152 lv.
272 2127 307 2153 id.

205 2491 251 2516 III.
266 2491 301 2517 id.

227 2650 260 2676 ΙΙ.
274 2650 310 2676 id.

676 92 912 120 NECROLOGIA
931 92 1265 120 WILHERINGENSIA.
1733 96 1795 125 449

506 179 637 210 Geuta.
687 179 924 210 Ruedelinus
953 178 996 209 de
1026 178 1216 210 Vorstorn.
1269 179 1443 210 Ortolfus
1473 179 1518 210 de
1547 179 1798 221 Tegernbaeh

507 230 617 261 dedit
641 230 680 261 Se
702 230 821 261 Mai-ie
846 230 996 259 curiam.
1036 229 1274 260 WValehunus.
1322 230 1573 272 Marquardus
1597 231 1643 262 de
1667 231 1798 262 Newn-

506 282 651 323 burga,
690 282 757 322 qui
787 281 899 311 dedit
923 281 1074 311 vineam
1106 281 1216 311 ecclie
1240 281 1504 322 Ziegelgrueb
1540 282 1692 322 bonam,
1723 293 1798 324 que

505 343 576 364 non
604 332 790 363 vendetur
817 342 884 362 nec
915 331 1160 370 alienabitur,
1192 332 1257 362 sed
1289 333 1389 362 eirca.
1419 334 1689 364 monasterium
1717 344 1798 374 per-

506 387 621 425 petuo
657 383 869 414 remanebit
903 382 969 413 sub
1005 382 1284 413 anathemathe.
1342 383 1479 414 Georius
1515 384 1619 425 Dyem
1650 385 1736 426 pleb.
1767 386 1799 416 10

506 435 764 466 Gramansteten.

384 495 408 521 4.
455 491 607 522 Ulricus
640 502 692 522 ev.
753 491 1004 522 Gotschalcus
1036 501 1089 521 cv.
1144 490 1322 521 Ulrieus.
1379 491 1547 522 Ulricus.
1601 492 1798 524 Henricus.

505 542 700 574 Dietrieus
730 543 826 584 pleb.
859 542 903 573 de
934 541 1232 582 Schounhering.
1282 541 1548 582 Hildogundis.
1600 543 1799 574 Henrieus.

508 593 763 625 Hermannus.
816 593 1016 624 Hem-icus.
1071 592 1231 623 Gudela.
1285 593 1443 624 Basilia.
1495 593 1721 635 Rudegerus
1754 595 1800 626 (10

511 646 677 676 ΧΥ10000.
718 646 971 677 (fiffhristannus
996 645 1039 675 de
1064 644 1375 686 Rwezenzperig.
1412 649 1461 675 Oh.
1478 650 1510 675 D.
1530 650 1708 676 Leonhardus
1725 651 1799 684 pleb.

508 702 536 728 10
555 702 832 736 Greymharttsteten
850 701 924 728 1518.

384 758 407 783 5.
455 753 519 785 Ob.
544 753 708 784 Michael
731 765 772 784 m.
791 757 827 784 et
849 764 918 784 sac.
938 753 981 784 (10
1005 752 1247 793 Neunburga.
1283 751 1416 792 Rippo.
1455 751 1671 793 Irmgardis.
1706 753 1799 783 Mar-

507 805 683 846 quardus.
725 805 843 835 Cholo
869 805 912 836 de
938 803 1134 835 Perndorf.
1180 803 1340 834 Ulricus.
1388 802 1542 834 Uli-icus
1566 803 1609 835 de
1634 804 1756 835 Linez.

384 869 408 894 6.
454 864 710 896 Gotsehaleus
734 875 789 895 CV.
836 864 900 895 Ob.
926 864 964 895 D.
990 863 1143 895 Ulricus
1168 873 1256 893 0001.
1289 863 1333 893 (10
1359 862 1639 903 Schaunber0h‚
1668 864 1800 904 largus

508 916 749 949 benefactor.
782 916 812 946 h.
845 915 970 946 0001*ss
1002 925 1156 956 magnus
1187 915 1340 945 amicus.
1398 914 1572 955 Rugerus
1607 914 1799 947 Staeffen-

507 978 659 1008 perger.
689 968 815 998 Osmia
843 971 879 998 et
902 968 1009 998 Anna
1032 977 1169 997 uxores
1194 967 1276 996 eius
1304 969 1340 996 et
1364 966 1552 996 Albertus
1577 966 1685 997 filius
1709 968 1799 998 eius.

507 1019 671 1050 [Irieus.
700 1019 859 1060 Brigida
877 1019 922 1050 de
939 1019 1073 1050 Anaso.
1104 1017 1407 1059 Engelschalcus
1425 1017 1467 1047 de
1486 1018 1608 1048 Linez.
1637 1017 1800 1050 Michael

507 1071 670 1102 famulus
693 1082 721 1101 0.

389 1130 412 1156 7.
458 1125 595 1157 Georius
612 1137 692 1158 0001.
711 1127 750 1157 (10
768 1126 1008 1167 Schawnbergk
1028 1126 1147 1166 <14>91.
1179 1125 1324 1155 Albero
1342 1125 1386 1155 de
1402 1124 1531 1155 Wienn
1541 1135 1569 1155 a.
1605 1125 1800 1156 Henrieus.

510 1177 738 1209 Hadmarus
774 1178 818 1209 de
855 1177 1134 1217 Edranisberig.
1193 1176 1294 1206 Otto.
1342 1176 1545 1216 NVlvingus.
1603 1175 1800 1207 Rudolfus.

507 1229 710 1260 Christina.
757 1229 1017 1270 Mai-quardus.
1063 1228 1250 1259 Hom-icus
1274 1227 1468 1258 Heminerl
1493 1227 1605 1258 famis.

389 1288 412 1314 8.
458 1288 574 1323 Egidius
595 1300 630 1316 111.
650 1292 678 1316 et
695 1299 760 1321 sac..
778 1291 850 1324 pleb.
872 1290 900 1316 in
917 1290 1002 1316 Tei-as
1020 1292 1049 1316 et
1068 1289 1172 1315 ibidem
1194 1288 1320 1322 sepultus
1343 1287 1442 1319 (16019.
1482 1283 1672 1314 Iohannes
1701 1294 1741 1314 m.
1765 1287 1802 1314 et

507 1348 578 1368 sac.
610 1337 653 1368 de
683 1337 883 1368 Altovado.
932 1336 1200 1368 Berichtoldus
1224 1346 1273 1366 ev.
1327 1334 1561 1365 chunradus.
1613 1335 1802 1366 Heni-icus

508 1392 639 1419 sartor.
692 1388 944 1430 Marquardus
968 1387 1245 1429 WVaigerleiter
1276 1387 1438 1417 occisus.
1486 1385 1647 1417 Ulricus
1684 1386 1801 1417 Prue-

505 1440 663 1470 sehineh
688 1441 820 1471 iunior.
862 1440 1013 1471 Uli-icus
1037 1440 1190 1470 Amicus
1215 1439 1310 1469 civis
1335 1438 1378 1468 de
1403 1437 1534 1468 Linetz
1559 1437 1663 1468 dedit
1687 1437 1801 1468 0100ἰο

508 1492 551 1522 30
569 1491 629 1522 tal.
655 1493 685 1531 ὅ.

388 1550 412 1575 9.
459 1546 524 1577 Ob.
548 1547 587 1577 D.
613 1548 806 1578 Iohannes
830 1558 903 1578 sen.
929 1548 958 1577 h.
984 1547 1129 1583 domus.
1162 1558 1202 1578 01.
1221 1551 1345 1578 etsac.
1376 1547 1420 1577 de
1445 1546 1602 1577 Ebraeo.
1654 1547 1735 1578 Odo
1759 1558 1800 1578 m.

507 1602 545 1629 et
566 1609 636 1629 sae.
684 1599 790 1629 Anna
814 1598 903 1629 filia
930 1598 1152 1629 WVernhardi
1176 1599 1377 1629 institoris.
1408 1609 1464 1628 ux.
1489 1598 1595 1628 Petri
1619 1598 1800 1629 Hei-esin-

508 1651 604 1691 garii
622 1650 665 1681 de
683 1651 806 1681 Linez.
840 1650 1073 1680 Diemuedis.
1106 1649 1268 1680 Ulrieus.
1302 1649 1524 1680 Ghunradus
1541 1649 1584 1679 de
1602 1649 1801 1680 Perndorf.

508 1701 645 1732 Georius
669 1703 727 1732 vie.
752 1703 782 1732 in
807 1702 1020 1732 Ottenshaim.

371 1760 410 1785 10.
457 1755 517 1787 Ob.
543 1758 594 1797 pie
624 1757 858 1788 recordacionis
882 1756 1030 1788 Urbanus
1060 1756 1131 1787 abb.
1157 1756 1186 1787 h.
1212 1756 1325 1786 domus
1356 1755 1695 1796 <is-›CCCCU>LXXX.
1736 1756 1800 1788 Ob.

510 1807 549 1838 fr.
575 1808 771 1839 Iohannes
794 1819 836 1839 m.
854 1812 977 1838 etsae.
1003 1807 1128 1838 dietus
1145 1807 1401 1848 Saltzpurger.
1441 1807 1592 1838 Ulrieus
1616 1818 1657 1837 m.
1675 1811 1712 1838 et
1729 1818 1799 1838 sac.

508 1858 669 1900 Rapoto.
704 1859 897 1890 Albertus.
937 1858 1158 1890 Gerdrudis.
1197 1859 1416 1889 Leucardis.
1453 1858 1658 1889 Fridricus.
1695 1858 1800 1889 Chri-

510 1912 618 1941 31100.
665 1911 869 1942 Iohannes.
916 1910 1172 1941 Eberhardus.

371 1969 411 1995 11.
457 1965 714 1997 NVernhardus
739 1966 782 1998 de
806 1966 932 1997 Portu.
980 1966 1173 1997 Henrieus
1197 1965 1240 1996 de
1265 1966 1506 2006 Altenberig.
1552 1965 1729 1996 Alramus
1753 1965 1800 1996 de

509 2018 683 2049 Clamine.
720 2017 974 2049 XVernhardus
999 2018 1043 2048 de
1070 2018 1268 2059 Absperig.
1315 2016 1502 2048 Pitrolfus
1526 2016 1695 2047 subdiac.
1738 2017 1800 2047 Al-

509 2069 642 2100 heidis.
690 2070 925 2110 Leupoldus.
972 2069 1127 2110 Rapoto
1152 2068 1437 2100 Pruesehineh.

374 2128 413 2154 12.
460 2124 523 2155 Ob.
542 2125 582 2156 fr.
601 2125 794 2156 oswaldus
810 2126 1000 2166 supprior.
1025 2128 1209 2163 metsae„
1233 2126 1321 2156 1462.
1354 2123 1571 2164 Stephanus
1592 2122 1800 2154 sa0.dict11s

510 2176 666 2207 Harder
704 2176 747 2207 de
781 2176 901 2207 Lintz.
960 2175 1244 2217 ChunegundiS.
1301 2174 1539 2206 Chunradus.
1598 2174 1799 2205 Hem-icus.

509 2228 636 2258 Miteza
669 2227 712 2259 de
745 2228 843 2259 Owe.
900 2227 1167 2258 Wernhardus.
1220 2227 1471 2258 Meinhardus
1507 2226 1551 2257 de
1584 2225 1798 2266 Alharting.

509 2278 810 2320 Engelsehaleus
827 2279 949 2310 Liber.
979 2279 1189 2310 Benedieta
1205 2278 1247 2309 de
1264 2278 1538 2318 Lanzenberig.
1566 2277 1799 2308 Mehthildis.

509 2330 702 2361 Periehta.
749 2331 979 2372 Leupoldus.
1024 2330 1149 2371 Gysla.
1189 2329 1424 2362 Chuni-adue.
1465 2328 1588 2360 Geuta
1611 2329 1657 2359 de
1682 2328 1798 2358 Lintz.

510 2382 781 2424 Chunegundis
810 2383 855 2413 de
887 2382 1168 2414 Nuerenberch.
1220 2381 1365 2412 Barbara
1393 2381 1594 2421 procuratrix
1622 2380 1653 2410 in
1681 2379 1799 2409 Insula.

508 2433 679 2465 Hainricus
703 2434 898 2466 Vorholczer
924 2433 1311 2474 <M0CCCC0>LXXXVL

370 2492 411 2519 13.
458 2489 522 2520 Ob.
547 2489 586 2520 D.
611 2490 773 2521 Iacobus
803 2490 886 2521 abb.
911 2490 947 2520 in
971 2489 1182 2530 NVilhering
1210 2490 1310 2519 1421.
1363 2486 1590 2518 Chunradus
1615 2485 1660 2516 de
1684 2484 1798 2526 Aych.

509 2541 701 2572 Beriehta.
750 2541 973 2572 Diemuedis
998 2541 1041 2572 de
1070 2540 1258 2581 Pupping.
1306 2538 1420 2579 Gysla
1443 2538 1488 2568 de
1514 2535 1798 2568 Wessenberch.

512 2592 737 2623 Walchunus
762 2593 805 2624 de
830 2593 1041 2623 Perehaim.
1088 2590 1344 2632 Sygwrandus
1368 2589 1578 2630 Geltinger.

377 2652 415 2677 14.
461 2648 609 2689 Rapoto
633 2659 674 2679 m.
693 2652 729 2679 et
745 2659 816 2679 sae.
848 2648 1119 2679 Beriehtoldus
1143 2657 1213 2677 sae.
1244 2645 1395 2686 Sophya
1413 2644 1566 2675 smonffi&
1594 2643 1798 2675 Christina.

512 2699 672 2730 Osanna.
719 2699 906 2730 petrissa.
954 2699 1136 2730 Matheus.

254 2758 336 2784 Neon.
350 2759 517 2785 ALDERSBAC.
535 2767 582 2785 ete.
1559 2755 1590 2779 51
