2054 2948
220 180 250 207 V.
265 180 323 206 kal.

202 479 248 505 IV.
263 479 319 505 kal.

197 735 244 761 III.
259 735 320 761 kal.

213 907 246 933 II.
262 907 317 934 kal.

257 1239 312 1265 kal.

203 1411 248 1438 IV.
263 1420 324 1438 non.

196 1582 243 1608 III.
257 1591 318 1609 nou.

208 1839 241 1864 11.
256 1847 319 1865 non.

257 2104 319 2122 UOD.

164 2351 238 2378 VIII.
253 2352 289 2378 id.

714 93 980 121 NECROLOGIUM
1000 95 1219 123 GARSTENSE.
1730 106 1790 136 343

369 180 410 207 28.
456 179 506 206 Ob.
520 179 688 206 Benedictus
707 180 767 213 pbr.
786 179 820 206 de
839 179 1000 214 Salzburga.
1037 181 1068 206 D.
1089 181 1219 212 Quirinus
1238 182 1302 209 abb.
1316 183 1349 209 de
1369 184 1472 210 Altach
1492 185 1650 218 Inferiori.1)
1690 187 1792 214 Paulus

500 223 533 249 de
557 223 659 248 Altach
683 222 834 256 Superiori.
884 224 915 249 D.
930 223 1045 249 Ioannes
1070 223 1204 250 Heni-icus
1228 233 1305 258 ppos.
1324 225 1352 251 in
1378 226 1571 261 Bauiuburg.²)
1614 229 1645 255 D.
1665 230 1791 257 Urbanus

497 274 574 299 ppos.
586 265 722 297 ibidem.³)
748 266 864 292 Ioannes
878 265 1043 292 Valentinus
1057 267 1123 294 dee..
1139 267 1262 298 Ioannes,
1277 268 1394 299 Marcus,
1408 270 1553 301 Antonius,
1567 271 1790 306 christophorus.

504 308 627 338 loannes,
652 307 794 341 Georgius.
824 309 1003 340 Bertholdus,
1028 309 1178 343 Virgilius,
1205 310 1368 344 Philippus,
1394 312 1518 344 Ioannes,
1537 314 1683 347 Georgius,
1708 315 1791 342 Leon-

497 350 607 380 hardus,
628 350 822 384 wolfgangus,
841 351 1008 382 Bernardus,
1030 351 1236 385 Cristophorus,
1257 353 1380 384 Ioannes,
1401 354 1530 386 Iacobus,
1550 356 1694 387 Melchior,
1715 358 1791 384 Chri-

500 393 656 426 stophorus.
670 393 801 423 Andreas
815 402 908 419 omnes
921 393 982 427 pbri
995 393 1022 419 in
1038 394 1206 428 Bauxnburg.
1232 395 1330 421 Petrus
1343 396 1466 423 subdiac.
1480 397 1593 425 ibidem.
1618 399 1792 427 Coelestinus

497 436 557 469 pbr.
572 435 599 461 in
620 435 750 469 Prifling.
788 437 902 463 Ioannes
922 437 1051 470 subprior
1070 437 1097 462 iu
1117 436 1285 464 Gottweieh.

364 479 405 505 29.
450 478 500 505 Ob.
521 479 637 504 Ioannes
660 480 688 505 et
707 478 843 505 Martinus
869 479 930 512 pbri
955 480 989 506 de
1013 480 1115 506 Altnch
1141 481 1275 507 inferiori.
1317 482 1437 508 Thomas
1463 482 1523 516 pbr.
1546 484 1578 509 de
1598 484 1790 511 Seittenstetn.

499 520 648 546 Mauritius
673 521 733 554 pbr.
753 521 786 548 de
814 522 917 548 Altach
943 522 1077 548 Inferiori.
1119 523 1274 549 Hermanus
1299 524 1359 557 pbr.
1378 533 1403 550 n.
1421 534 1443 551 c.
1495 526 1660 553 Laurentius
1680 527 1739 560 pbr.
1759 528 1792 554 de

498 563 716 590 Creinsmiuster.
755 565 870 591 Ioannes
890 565 950 598 pbr.
964 565 997 591 de
1016 565 1119 592 Altae-11
1139 565 1288 600 Superiori.
1327 567 1443 594 Ioannes
1462 569 1521 602 pbr.
1537 571 1565 595 et
1584 570 1648 595 olim
1670 570 1744 603 prior
1763 570 1791 596 in

496 607 576 633 Seon.
615 607 646 633 D.
664 607 758 633 Simon
777 607 840 634 abb.
859 608 887 633 in
906 608 1052 639 Monsee.⁴)
1089 609 1226 635 Antonius
1246 610 1304 643 pbr.
1319 620 1344 636 n.
1360 614 1420 639 cst).
1441 611 1579 645 parochus
1598 612 1627 638 in
1648 613 1790 639 Neustifft.

497 649 659 675 Franciscus
688 650 748 683 pbr.
767 650 794 676 iu
818 651 938 677 Mansee.
984 651 1143 677 Bonifacius
1167 652 1226 685 pbr.
1246 652 1281 678 ad
1305 653 1361 679 Sum
1382 654 1585 681 Emmerainum
1613 656 1790 683 Hatisbouae.

496 692 586 718 Maria
605 692 703 718 Helica
724 694 800 726 prof*
820 693 848 719 in
868 693 1047 728 Nidernburg
1066 694 1200 720 Passavii.

365 736 405 763 30.
451 735 501 761 Ob.
517 735 640 761 Perwein
654 736 818 762 benefactor
831 746 856 762 n.
888 737 1049 763 Matthaeus
1062 737 1146 770 prior.
1166 738 1324 764 Leonardus
1338 739 1398 772 pbr.
1412 739 1444 765 de
1460 739 1676 767 Cremsminster.
1708 741 1790 767 vitus

495 778 555 811 pbr.
570 778 598 803 in
619 778 782 812 'I'egernsee.
820 780 980 806 Dominicus
999 780 1059 813 pbr.
1078 781 1110 807 de
1131 780 1375 815 Closterneuburg.
1411 783 1586 814 Ambrosius,
1610 784 1790 811 Sebastianus

497 821 558 854 pbri
577 821 610 847 de
629 821 732 847 Altach
747 822 883 848 Inferiori.
915 823 1076 849 Ambrosius
1096 823 1156 856 pbr.
1170 823 1197 849 in
1218 824 1387 858 Baumburg.
1418 825 1574 852 Bemardus
1588 826 1647 860 pbr.
1662 827 1691 852 in
1711 828 1788 853 Seon.

497 864 666 890 Bertholdus
685 866 713 890 et
732 865 900 892 Benedictus
920 866 980 899 pbri
1001 866 1035 892 ad
1055 867 1151 892 Scotos
1171 866 1305 893 Viennae.
1343 867 1490 894 Menradus
1511 877 1551 895 cv.
1566 869 1678 896 ibidem.

363 908 404 934 31.
450 906 500 933 Ob.
515 906 650 940 Georgius
664 907 724 941 pbr.
756 907 875 935 Michael
890 918 930 934 cv.
944 909 978 935 de
991 909 1151 943 Salzburga.
1182 909 1212 935 D.
1228 910 1364 936 Matthias
1383 911 1447 937 abb.
1462 911 1495 937 de
1514 911 1616 937 Altaeh
1630 912 1788 945 inferioris>

496 949 525 974 D.
540 949 655 976 Ioannes
675 950 738 976 abb.
757 960 783 977 n.
802 952 862 983 c.'³),
889 954 987 985 postea
1010 952 1038 977 in
1063 952 1280 979 Cremsminster.
1326 953 1456 979 Placidus
1485 954 1601 980 clericus
1630 955 1662 981 de
1686 955 1788 981 Altach

494 991 644 1025 Superiori.
687 993 790 1019 Paulus
815 994 874 1027 pbr.
893 997 921 1021 et
944 995 1020 1028 prior
1045 995 1073 1020 in
1097 995 1217 1021 Mansee.
1260 995 1399 1021 Romanus
1422 996 1499 1030 prior
1522 997 1702 1023 Glunicensis.
1745 997 1788 1023 Fr.

494 1034 637 1060 Marianus
657 1035 690 1061 de
709 1035 787 1062 Cella.
806 1036 922 1064 Mariae.
952 1037 1114 1063 Franciscus
1134 1038 1194 1071 pbr.
1209 1038 1243 1064 nd
1264 1039 1319 1064 Sum
1334 1039 1491 1065 Nicolaum.
1529 1040 1667 1066 Romanus
1686 1041 1746 1074 pbr.
1760 1041 1788 1066 iu

496 1077 617 1103 Mansee.

875 1166 1046 1202 IUNIUS.

376 1240 398 1265 1.
445 1238 494 1265 Ob.
516 1239 630 1265 lodocus
655 1248 696 1265 cv.
716 1239 744 1264 in
763 1239 927 1273 Tegernsee.
959 1241 1120 1267 Matthaeus
1137 1243 1196 1276 pbr.
1216 1243 1327 1270 ibidem.
1367 1244 1509 1271 Modestus
1531 1245 1590 1278 pbr.
1611 1245 1644 1271 de
1666 1246 1787 1272 Mansee.

494 1282 596 1308 Paulus
625 1284 653 1309 et
682 1283 898 1316 Christophorus
928 1283 988 1317 pbri
1015 1284 1048 1310 de
1076 1286 1108 1310 80
1126 1285 1306 1313 Emmeramo.
1357 1287 1492 1321 Georgius
1520 1289 1580 1322 pbr.
1603 1288 1786 1315 Glunicensis.

495 1326 648 1352 Catharina
667 1328 743 1360 prof*¹
768 1326 795 1352 in
817 1326 952 1358 Nunberg
970 1327 1133 1361 Salisburgi.
1171 1329 1268 1354 Gallus
1288 1329 1363 1363 prior
1381 1331 1409 1355 et
1429 1330 1497 1363 prof.
1512 1330 1540 1356 in
1560 1331 1639 1357 Seon.
1670 1331 1787 1357 Iacobus

493 1369 553 1402 pbr.
567 1369 602 1395 ad
622 1370 678 1395 Sum
693 1369 806 1395 Petrum
825 1369 989 1403 Salisburgi.
1028 1371 1189 1397 Ambrosius
1209 1372 1268 1405 pbr.
1282 1372 1311 1397 in
1332 1373 1435 1398 Altach
1454 1372 1603 1406 Superiori.

378 1412 402 1438 2.
448 1411 498 1438 Ob.
512 1412 669 1445 Stephanus
683 1412 742 1446 pbr.
757 1413 790 1439 de
806 1413 1048 1447 Closterneuburg.
1081 1414 1239 1448 Stephanus
1253 1415 1312 1449 pbr.
1325 1415 1357 1441 de
1372 1415 1589 1443 Cremsminster.
1621 1417 1787 1443 Benedictus

493 1455 553 1489 pbr.
576 1455 609 1482 de
629 1455 793 1488 Tegernsee.
835 1456 958 1482 Andreas
982 1456 1016 1482 de
1036 1456 1189 1488 Gottwico.
1216 1458 1346 1484 Placidus
1370 1458 1404 1484 de
1423 1458 1492 1485 Seon
1517 1459 1584 1492 pbri.
1624 1459 1703 1486 Vitus
1727 1461 1787 1493 pbr.

497 1497 680 1524 Glunicensis.
713 1498 880 1524 Laurentius
897 1499 966 1532 prof.
983 1499 1162 1526 Mellicensis.
1194 1500 1383 1527 Ferdinandus
1397 1501 1456 1535 pbr.
1471 1502 1503 1528 de
1523 1502 1670 1528 Gottwico.
1708 1503 1787 1529 Boni-

494 1541 582 1566 facius
601 1550 657 1567 sen.
671 1543 699 1567 et¹
720 1541 778 1574 pbr.
793 1541 1015 1568 cremifanensis.
1054 1543 1209 1568 Ioachimus
1228 1544 1288 1577 pbr.
1303 1544 1336 1570 ad
1357 1544 1414 1569 Sum
1429 1544 1597 1571 Florianum.

372 1584 396 1609 3.
443 1583 492 1610 Ob.
511 1584 694 1617 Μαι-(1113111115
714 1584 816 1609 Rentsh
837 1586 865 1610 et
884 1584 1048 1611 Elisabetha
1072 1585 1129 1611 eius
1153 1595 1204 1615 ux..
1229 1587 1418 1613 benefactores
1442 1587 1475 1612 ni.
1518 1587 1702 1622 W'olfgangus
1726 1589 1786 1622 pbr.

493 1627 526 1653 de
542 1627 687 1653 Lainbaco.
720 1627 878 1653 Leonardus
892 1630 919 1653 et
936 1627 1083 1653 Udalricus
1099 1629 1158 1662 pbri
1178 1629 1211 1654 de
1226 1629 1294 1655 Attl.
1330 1629 1484 1656 Fridericus
1504 1630 1564 1663 pbr.
1578 1631 1613 1656 ad
1633 1633 1688 1656 Suu·
1703 1630 1786 1657 Udal-

493 1669 580 1695 ricuui
595 1671 622 1695 el:
636 1670 711 1703 prior
724 1669 752 1695 111
764 1670 923 1696 Anhausen.
959 1670 1099 1704 Religiosa
1115 1671 1192 1705 virgo
1206 1671 1368 1703 Catharina,
1388 1672 1464 1706 profa
1481 1673 1589 1698 smonlis
1609 1673 1637 1698 in
1652 1673 1786 1708 Nunberg

493 1712 656 1746 Salisbnrgi.
690 1712 804 1738 Carolus
823 1713 884 1746 pbr.
899 1713 1072 1739 Hilariensis.
1104 1714 1237 1747 Aegidius
1257 1715 1316 1747 pbr.
1331 1715 1358 1740 in
1379 1715 1540 1741 Formbach.
1572 1715 1705 1750 Aegidius
1726 1716 1784 1749 pbr.

494 1754 520 1779 in
535 1754 743 1781 Seittenstettn.
774 1755 960 1789 Engelbertus
974 1756 1034 1789 pbr.
1049 1756 1076 1781 in
1092 1756 1323 1783 Rottenhaslach.
1354 1757 1495 1791 Rupertus
1508 1758 1567 1791 pbr.
1581 1758 1616 1784 ad
1634 1758 1690 1784 S¹¹¹¹¹
1703 1758 1785 1785 Udal-

492 1805 587 1822 ricurn.

374 1840 398 1865 4.
445 1839 495 1865 Ob.
514 1839 647 1865 Nicolaus
669 1840 728 1873 pbr.
747 1840 781 1866 de
800 1840 920 1866 Mellico.
959 1841 1144 1867 Coi-binianus
1169 1842 1298 1876 supprior
1322 1843 1350 1868 in
1377 1843 1538 1877 Tegernsee.
1585 1843 1732 1877 Gregorius
1756 1846 1785 1870 et

492 1882 608 1908 Ioannes
632 1883 735 1908 ibidem
760 1883 829 1916 pbri.
872 1884 1045 1917 Augustinus
1068 1884 1128 1917 pbr.
1148 1884 1181 1911 de
1205 1885 1447 1919 Closterneuburg.
1486 1886 1649 1912 Laurentius
1674 1886 1732 1920 pbr.
1751 1887 1785 1913 de

494 1924 711 1952 Creinsminster.
758 1926 906 1952 Udalricus
933 1926 992 1960 pbr.
1016 1927 1050 1953 de
1076 1928 1153 1953 Seou.
1200 1928 1316 1954 Ioannes
1344 1929 1404 1962 pbr.
1425 1929 1457 1955 de
1485 1929 1588 1955 Altach
1615 1929 1784 1963 Supperiori.

492 1968 626 2001 Aegidius
655 1968 715 2002 pbr.
739 1969 772 1995 de
801 1969 965 1996 Formbach.
1020 1969 1149 1995 Placidus
1174 1970 1235 2003 pbr.
1255 1971 1288 1997 (19
1313 1971 1434 1997 Mansee.
1475 1971 1648 2006 Augustinus
1671 1972 1730 2005 pbr.
1751 1972 1784 1998 de

491 2011 610 2037 Mellico.
659 2011 794 2046 Georgius
822 2011 882 2046 pbr.
901 2012 935 2038 ad
964 2011 1061 2038 Scotos
1085 2012 1218 2039 Viennae.
1267 2013 1310 2039 Fr.
1329 2014 1463 2040 Heni-icus
1486 2014 1519 2040 (19
1544 2014 1784 2048 Closterneuburg.

492 2054 630 2088 Casparus
649 2054 708 2087 pbr.
723 2054 750 2080 in
769 2055 890 2082 Monsee.

375 2097 398 2122 5.
446 2096 496 2123 Ob.
517 2097 547 2123 D.
567 2097 753 2124 Hilebrandus
779 2097 841 2124 abb.
859 2098 887 2123 in
907 2098 1096 2131 Tegernsee.⁷)
1138 2099 1253 2125 loannes
1273 2099 1333 2132 pbr.
1352 2099 1385 2126 de
1409 2099 1441 2126 SO
1460 2099 1640 2126 Emmeraino.
1682 2101 1725 2127 Fr.
1740 2099 1784 2127 Se-

492 2140 639 2166 bastianus
651 2140 776 2166 subdiac.
791 2141 823 2167 de
844 2140 1006 2167 Ratisbona.
1039 2141 1227 2168 Theodorieus
1246 2142 1306 2175 pbr.
1321 2151 1347 2167 n.
1361 2152 1382 2168 c.
1415 2142 1536 2168 Basilius
1555 2143 1615 2176 pbr.
1629 2143 1662 2169 de
1681 2143 1784 2169 Altach

490 2182 640 2216 Superiori.
681 2183 797 2210 Ioannes
814 2184 960 2210 Nestorius
978 2184 1011 2210 de
1030 2184 1141 2210 Mellico
1161 2185 1222 2218 pbr.
1259 2184 1407 2211 Zacharias
1426 2185 1501 2218 prior
1521 2187 1550 2212 et
1563 2194 1619 2212 sen.
1639 2186 1667 2212 in
1687 2187 1784 2212 Neres-

491 2225 580 2256 heim.
606 2226 673 2252 011111
698 2227 836 2260 parochus
860 2227 889 2252 in
912 2227 1062 2253 Neustufft.
1104 2228 1227 2254 Andreas
1251 2228 1312 2262 pbr.
1330 2228 1359 2253 in
1379 2228 1498 2261 Aspaeh.
1541 2229 1656 2254 Ioannes
1675 2229 1736 2262 pbr.
1755 2231 1784 2255 et

493 2276 658 2294 oeconomus
687 2269 715 2295 iu
740 2269 950 2303 Reichersperg.
1005 2270 1137 2297 Albertus
1166 2271 1226 2304 pbr.
1250 2270 1277 2296 iu
1306 2271 1435 2296 Admont.
1480 2271 1641 2297 Bonifacius
1669 2272 1728 2305 pbr.
1754 2271 1782 2297 in

494 2310 617 2337 Ossiach.

372 2353 396 2379 6.
443 2353 493 2380 Ob.
507 2354 670 2380 Franciscus
683 2355 742 2388 pbr.
757 2355 790 2381 de
804 2355 1022 2382 Cremsminster.
1055 2355 1192 2389 Caspai-us
1212 2355 1290 2385 diac..
1311 2355 1439 2382 Urbanus
1453 2356 1513 2389 pbr.
1528 2356 1556 2382 iu
1571 2356 1780 2391 Reichersperg.

489 2397 649 2423 Alexander
672 2397 705 2423 de
730 2397 948 2425 Cremsminster.
990 2399 1174 2432 Hieronymus
1198 2398 1327 2432 supprior
1351 2399 1384 2424 de
1404 2398 1566 2433 Tegernsee.
1608 2399 1780 2426 Coelestinus

490 2440 548 2473 pbr.
572 2440 605 2466 de
626 2440 728 2467 Altach
749 2441 884 2467 Inferiori.
926 2441 1075 2476 Philippus
1100 2442 1159 2475 pbr.
1181 2442 1213 2468 de
1237 2442 1478 2468 Raittenhaslach.
1521 2442 1644 2468 Andreas
1669 2442 1728 2476 pbr.
1747 2443 1780 2468 de

230 2541 252 2572 ²)
274 2542 307 2566 In
326 2551 406 2575 mary.
419 2543 480 2568 add.
496 2542 592 2573 †1679.

233 2618 252 2649 ¹)
277 2617 322 2644 Ob.
338 2621 445 2650 a.159·2,
464 2618 518 2644 dies
536 2627 592 2646 non
611 2623 730 2646 constare
749 2621 860 2648 videtur.
955 2624 975 2654 2>
999 2622 1044 2647 Ob.
1058 2631 1082 2648 a.
1096 2625 1166 2653 1638,
1186 2621 1242 2647 dies
1261 2621 1332 2646 rarie
1351 2621 1479 2647 traditur.
1575 2623 1594 2653 3)
1618 2621 1699 2647 οὺ.α.
1711 2625 1778 2652 1622,

126 2657 184 2684 dies
203 2659 274 2684 varie
292 2660 420 2687 traditur.
553 2663 573 2694 ⁴)
599 2662 643 2687 Ob.
658 2671 682 2688 α.
693 2666 768 2690 1668.
909 2666 929 2696 ὅ)
955 2663 998 2690 Ob.
1013 2674 1038 2690 a.
1050 2668 1120 2692 15:30.
1140 2664 1194 2690 dies
1214 2664 1283 2689 rao-ie
1301 2663 1430 2689 traditur.
1563 2665 1584 2695 Θ)
1608 2663 1654 2690 Ob.
1668 2672 1693 2689 α.
1708 2668 1779 2690 1600.

127 2703 149 2733 ⁷)
173 2701 217 2727 Ob.
232 2705 341 2729 a.1446.
