2054 2948
240 91 302 137 ase

315 177 349 203 Il.
363 176 419 202 kal.
463 175 504 201 31.

362 813 418 839 kal.
482 814 504 838 1.

306 967 351 992 IV.
365 974 426 992 11011.
480 965 503 990 2.

304 1172 351 1198 111.
365 1179 427 1197 non.
481 1171 504 1196 ὃ.

318 1479 350 1505 ΙΙ.
366 1488 426 1505 non.
481 1480 504 1504 4.

369 1539 431 1557 non.
484 1532 508 1556 5.

276 1633 350 1659 VIII.
364 1632 399 1657 id.

294 1685 352 1710 VII.
367 1685 402 1710 id.
485 1685 508 1709 7.

304 1822 350 1848 VI.
364 1822 400 1848 id.
486 1821 510 1848 8.

853 81 1035 109 DIOECESIS
1053 81 1097 107 LE
1103 80 1273 107 NTIENSIS.

550 170 711 201 Ulricus
728 169 796 199 der
813 168 967 199 Chater.
1005 166 1205 198 Elizabeth
1222 177 1279 196 ux.
1297 175 1372 196 sua.
1410 165 1635 196 Hainrieus
1658 165 1764 196 filius
1784 175 1885 196 suus.

599 221 726 262 Agnes
755 231 812 250 ux.
834 219 989 250 Rotlini.
1051 219 1267 258 Margareta
1297 227 1353 246 ux.
1382 216 1557 247 Polionis
1588 216 1632 247 de
1663 217 1738 247 Aw.
1788 216 1885 247 Item

600 272 656 303 ob.
679 281 767 312 mgr.
785 270 988 301 Chunradi
1012 269 1164 309 Geysel
1188 269 1223 298 in
1247 271 1375 298 monte
1406 267 1544 308 Pyren.
1596 266 1657 298 Ob.
1681 267 1721 298 D.
1745 267 1885 298 Michael

599 323 732 361 Zebrer,
757 322 786 353 h.
807 320 933 362 collegii
957 331 1036 354 can..
1060 321 1151 358 1497,
1179 319 1324 359 sepultus
1347 321 1421 349 ante
1449 318 1580 349 chorum
1604 329 1712 350 coram
1736 319 1886 360 ymagine

599 373 749 404 crucifixi.
795 378 826 403 In
848 377 899 402 hac
915 376 959 402 die
982 384 1025 402 ao.
1041 370 1133 402 (15>‘22
1153 374 1197 401 ob.
1214 374 1394 407 dignissimus
1417 374 1547 408 princeps
1567 382 1600 400 ac
1619 375 1738 401 antistes
1759 383 1887 401 reveren-

599 423 728 450 dissimus
747 422 882 456 Georgius
904 422 936 447 D.
954 422 986 448 de
1008 421 1149 455 Lympurg
1167 428 1276 453 semper
1296 420 1366 452 frey,
1393 419 1614 454 Bambergensis,
1638 420 1710 447 infra
1733 423 1840 447 sextam
1859 422 1888 447 et

602 466 749 499 septimam
763 465 867 495 horam,
887 464 935 497 qui
954 473 995 490 ao.
1009 463 1145 497 superiori
1161 462 1291 488 videlicet
1306 463 1395 495 (15>21
1412 463 1598 496 personaliter
1615 463 1660 490 hic
1679 463 1706 489 in
1720 469 1754 489 11ο
1768 463 1888 498 collegio

600 509 653 534 fuit
668 508 800 534 videlicet
819 507 847 532 in
867 507 1011 540 sculptura
1025 514 1179 532 marmorea
1198 505 1325 531 omnibus
1338 505 1488 539 graciosus,
1508 506 1585 532 cuius
1604 514 1628 532 a.
1642 508 1777 540 perpetuo
1797 506 1847 532 deo
1863 515 1887 532 v.

600 552 684 578 Venit
708 551 762 577 huc
787 550 928 576 dominica
953 551 1015 583 post
1039 549 1256 582 assumptionem
1282 550 1346 582 post
1369 548 1579 582 completorium
1603 557 1644 575 ao.
1663 549 1756 582 <15>21
1781 550 1833 575 etc.
1853 549 1887 576 de

599 603 678 620 mane
703 593 823 619 secunda
845 593 924 622 feria,
948 592 1017 626 legit
1042 591 1154 618 missam
1174 591 1202 616 in
1222 591 1332 625 capella
1350 592 1372 617 si
1385 591 1510 622 Hem-ici,
1534 591 1618 618 tertia
1637 591 1706 618 feria
1725 593 1789 625 post
1807 600 1888 625 pran-

600 636 675 662 dium
695 635 821 662 discessit
840 637 869 661 et.
888 635 964 661 misit
983 635 1015 660 32
1030 635 1078 660 tal.
1094 637 1118 666 ὦ.

976 731 1148 767 IUNIUS.

552 808 614 839 Ob.
632 806 798 837 Oonradus
829 806 931 837 dictus
954 805 1059 836 Wolff
1085 805 1286 836 tabernarius
1318 815 1366 835 ao.
1393 806 1488 845 1443,
1522 805 1609 836 ouius
1633 805 1774 836 annivium
1804 805 1890 837 diem

600 858 785 898 peragimus
815 868 886 888 cum
912 858 1029 898 vigiliis
1064 860 1097 887 et
1125 856 1229 887 missis
1260 855 1493 887 defunctorum.
1556 855 1616 886 Ob.
1639 856 1679 888 D.
1702 857 1890 888 Leonardus

598 909 678 949 pbr.,
703 920 742 939 111.
761 909 841 949 prof.
859 908 951 939 monii
974 909 1004 938 in
1029 907 1323 945 Krembsmfinster,
1347 907 1402 937 cfr.
1420 918 1460 946 n.,
1484 917 1533 938 ao.
1553 907 1698 939 Di1488.

552 961 591 991 D.
611 960 812 1001 Seyfridus
835 971 876 991 m.
899 959 943 990 de
976 958 1325 998 chremsmunster,
1357 961 1586 999 procurator
1611 959 1647 989 in
1676 958 1890 1000 Schachen,

601 1012 656 1042 ob.
681 1023 710 1052 p.
734 1022 776 1042 m.
802 1014 839 1042 et
869 1011 991 1042 bonus
1022 1011 1146 1040 socius
1182 1020 1236 1040 ao.
1263 1009 1305 1040 Di
1333 1011 1434 1041 1349.
1490 1009 1585 1040 Item
1619 1009 1770 1051 Petrus,
1806 1011 1891 1043 filia

600 1062 793 1102 Elizabet,
811 1062 1004 1093 Christina
1022 1061 1088 1092 dez
1105 1061 1230 1091 Lauer
1247 1060 1404 1092 chinder
1421 1061 1467 1091 im
1484 1060 1620 1101 Pyren.
1656 1061 1738 1093 Item
1755 1062 1892 1094 Iacobus

601 1118 632 1145 et
657 1115 798 1145 omnium
822 1117 1071 1145 antecessorum.

551 1166 621 1197 Hac
646 1165 698 1196 die
727 1176 776 1196 ao.
798 1165 837 1196 Di
862 1168 939 1196 1421
970 1164 1061 1196 venlis
1091 1175 1120 1205 p.
1145 1166 1177 1194 et
1206 1164 1245 1195 D.
1274 1163 1313 1194 D.
1335 1163 1516 1194 Fridericus
1550 1163 1589 1194 de
1624 1164 1784 1206 Awfsezz,
1819 1168 1892 1196 tunc

602 1228 669 1248 can.
688 1220 720 1248 et
737 1217 922 1247 scolasticus
939 1216 1028 1247 ecclie
1045 1215 1326 1255 Babenbergensis
1342 1225 1465 1246 necnon
1483 1225 1550 1245 can.
1568 1215 1598 1246 h.
1617 1215 1754 1257 collegii,
1772 1217 1893 1248 electus

601 1272 649 1299 est
682 1269 714 1298 in
748 1273 826 1309 ep¹¹¹¹¹
862 1267 1182 1308 Babenbergensem;
1211 1266 1282 1297 Deo
1318 1267 1446 1307 gratiae.
1504 1267 1636 1298 Versus:
1668 1267 1804 1298 Attrahe
1835 1279 1893 1309 per

600 1321 748 1361 primum,
772 1320 879 1351 medio
904 1330 991 1360 rege,
1017 1329 1123 1360 punge
1148 1329 1205 1359 per
1228 1329 1346 1359 ymum.
1385 1318 1468 1349 Item
1491 1318 1672 1349 Fridericus
1696 1322 1729 1349 et
1752 1320 1892 1350 omnium

601 1376 848 1403 antecessorum.
888 1371 1018 1402 Andree
1043 1371 1085 1400 im
1110 1370 1321 1411 Hoszenperg
1345 1369 1395 1400 ob.
1414 1380 1462 1400 ao.
1484 1371 1570 1401 1433,
1609 1370 1692 1401 Item
1714 1369 1893 1402 Katherina

601 1423 665 1454 filia
690 1423 845 1453 Genstrer
868 1423 962 1464 periit
985 1423 1015 1453 in
1039 1432 1133 1463 aqua.

550 1474 752 1506 Liebhardus
777 1478 873 1505 sutor.
923 1474 983 1505 Ob.
1003 1473 1186 1514 Stephanus
1209 1483 1250 1503 111.
1269 1472 1308 1503 de
1333 1472 1626 1508 Krembsmsmster,
1651 1473 1706 1504 cfr.
1724 1484 1753 1504 11.

555 1526 620 1556 Ob.
651 1526 869 1566 Bcrngerus
903 1525 1064 1556 Paulser
1104 1524 1399 1564 hospitalarius,
1435 1535 1488 1555 ao.
1512 1524 1555 1555 Di
1590 1526 1680 1555 136ss
1717 1525 1777 1555 die
1808 1526 1892 1556 isto.

602 1577 728 1607 Ulricus
738 1578 881 1615 Paulscr,
894 1581 986 1617 pater
999 1576 1155 1617 Berngeri
1166 1576 1376 1616 hospitalarii,
1391 1576 1440 1606 ob.
1451 1577 1481 1606 in
1494 1575 1544 1607 die
1554 1575 1719 1607 Vincencii
1735 1577 1890 1617 martyris.

483 1633 507 1658 6.
554 1628 614 1658 Ob.
633 1628 815 1669 Stephanus
838 1625 970 1668 Kergel.

555 1680 616 1711 Ob.
636 1680 811 1714 Conradus,
836 1679 1045 1711 Benedictus,
1070 1678 1199 1713 Petrus,
1224 1678 1279 1708 filii
1303 1678 1457 1719 Stephani
1482 1689 1533 1709 am
1558 1672 1795 1720 Krabelsperg.¹
1832 1684 1892 1710 Den

602 1731 625 1756 7.
640 1731 711 1756 Iunii
737 1740 778 1756 ao.
792 1730 824 1756 Di
844 1730 909 1756 1612
935 1730 972 1756 ist
992 1730 1106 1755 Colman
1131 1729 1228 1763 Stegcr
1245 1731 1383 1762 gewester
1401 1738 1508 1755 mesncr
1531 1729 1586 1755 und
1607 1729 1767 1756 hoffbinder
1787 1730 1817 1756 16
1828 1729 1894 1762 jahr

602 1774 657 1799 und
678 1773 714 1799 1111
733 1774 819 1807 spitui
839 1773 993 1806 gestorben.

557 1817 843 1858 Ob.)1a1·ga1·et11a
868 1828 918 1847 ux.
942 1816 1176 1848 Hetschccker.
1225 1816 1284 1847 Ob.
1303 1816 1469 1847 Dorothea
1495 1815 1579 1846 dicta
1602 1815 1740 1847 Hfiterin
1764 1826 1813 1846 ao.
1832 1819 1891 1847 etc.

606 1870 726 1909 <14>59.
766 1869 837 1899 Hac
863 1869 913 1899 dic
940 1880 988 1899 ao.
1007 1868 1044 1898 Di
1064 1868 1173 1908 <14>20
1192 1868 1307 1899 cecidit
1331 1868 1437 1899 statim
1462 1870 1534 1908 post
1557 1877 1650 1898 mane
1667 1868 1796 1897 missam
1821 1871 1893 1898 ante

605 1921 748 1961 quintam
773 1921 823 1950 vel
849 1921 930 1950 circa
956 1920 1068 1951 horam
1098 1921 1251 1961 magister
1273 1919 1462 1950 Leonardus
1487 1918 1652 1949 Gstettner
1676 1919 1894 1959 carpentarius

605 1972 741 2012 desuper
758 1972 880 2002 scilicet
902 1972 963 2002 obn
981 1982 1054 2001 vom
1071 1971 1194 2012 snegkn
1212 1971 1310 2002 hei-ab
1331 1981 1349 2001 a
1367 1970 1487 2001 concha
1504 1974 1628 2000 murata
1645 1980 1745 2010 prope
1763 1970 1896 2000 chorum

604 2023 712 2053 fractis
737 2023 873 2063 pedibus
898 2026 929 2053 ct
954 2034 970 2053 e
996 2026 1079 2054 terra
1102 2023 1226 2053 levatus
1250 2033 1308 2063 per
1331 2032 1439 2053 servos
1463 2032 1535 2052 suos
1560 2024 1591 2051 et
1616 2021 1699 2051 foras
1722 2021 1763 2051 ad
1788 2021 1895 2051 taber-

604 2085 677 2104 nam
704 2078 859 2115 portatus,
884 2074 1004 2105 ibidem
1033 2074 1130 2105 sacris
1161 2074 1337 2114 penitentie
1368 2076 1400 2104 et
1424 2073 1597 2103 eukaristie
1620 2072 1765 2113 provisus
1788 2073 1895 2103 statim

606 2125 671 2161 ob,
704 2126 792 2156 cuius
816 2136 930 2166 corpus
961 2125 1042 2156 infra
1067 2126 1192 2166 pulsum
1217 2135 1291 2156 vero
1322 2135 1380 2165 per
1402 2124 1471 2155 D¹⁸¹u
1496 2124 1591 2154 decum
1616 2127 1648 2154 et
1671 2123 1727 2154 Ι)ΟΞ
1752 2129 1836 2154 can0s
1859 2134 1896 2155 ao

609 2178 802 2217 capitulares
832 2188 895 2207 una
926 2188 996 2208 cuni
1021 2177 1198 2207 scolaribus
1229 2188 1245 2208 e
1277 2176 1412 2208 taberna
1442 2175 1617 2206 conductus
1648 2174 1687 2205 ad
1715 2175 1895 2215 sepulcrum

608 2232 640 2258 et
664 2229 817 2268 sepultus.
863 2229 981 2259 Anima
1004 2239 1080 2259 vero
1110 2228 1171 2259 deo
1196 2228 1282 2258 vivat
1306 2228 1416 2269 procul
1441 2227 1553 2265 dubio,
1583 2227 1658 2267 quia
1681 2226 1783 2256 fidelis
1807 2226 1896 2256 labo-

606 2283 692 2309 rator
716 2284 747 2310 et
771 2280 867 2310 homo
884 2281 979 2320 mitis,
1004 2281 1057 2321 qui
1080 2283 1180 2310 totam
1199 2280 1327 2310 domum
1353 2290 1423 2310 cnm
1441 2278 1532 2309 ecclia
1555 2280 1627 2318 post
1643 2277 1898 2308 combustionem

606 2330 814 2368 reedificavit,
839 2332 940 2361 eciam
965 2332 1181 2369 refectorium,
1207 2330 1394 2362 cenaculum
1419 2333 1450 2361 et
1474 2330 1536 2361 alia
1561 2332 1619 2360 etc.
1666 2328 1705 2359 R.
1723 2329 1741 2358 i.
1761 2339 1789 2369 p.

334 2384 366 2410 V.
380 2385 416 2410 id.
497 2385 520 2411 9.
567 2381 627 2411 Ob.
646 2381 818 2412 Bertoldus
841 2382 948 2413 Faber
967 2384 1057 2413 1496.

315 2434 411 2460 ivm.
481 2435 518 2461 10.
566 2432 626 2462 01).
645 2432 716 2462 Iiikl
740 2430 853 2465 Pintia*
876 2444 925 2464 ao.
942 2433 980 2464 Di
1002 2436 1090 2463 1425.

315 2484 413 2510 111.id.
480 2486 518 2511 11.

327 2585 359 2610 Il.
374 2585 410 2611 id.
477 2587 514 2612 12.

566 2483 624 2513 Ao.
642 2483 679 2513 Di
703 2485 779 2513 1442
809 2484 859 2514 ob.
878 2484 1056 2514 Katherina
1081 2483 1213 2524 Smydin
1237 2483 1364 2524 hospita
1388 2486 1461 2514 ante
1485 2483 1619 2517 valvam,
1644 2482 1732 2512 cuius
1755 2481 1897 2512 annivium

609 2535 792 2574 peragimus
817 2546 887 2565 cuin
911 2535 1026 2575 vigiliis
1051 2538 1083 2565 et
1106 2535 1209 2565 missis
1234 2534 1464 2565 defunctorum.

561 2583 626 2614 Ob.
645 2585 895 2616 Leonhardus
919 2596 1009 2626 puer
1033 2584 1261 2616 Grodlerini.
1316 2585 1376 2616 Ob.
1399 2585 1606 2625 Margaretha
1637 2584 1693 2614 des
1723 2581 1898 2624 Lffrndleins

608 2636 712 2666 nu‘itcr
729 2647 766 2666 an
786 2637 841 2667 der
857 2637 984 2668 Leitten
1002 2648 1051 2668 ao.
1070 2637 1107 2667 Di
1130 2639 1219 2667 1427.
1257 2636 1317 2667 Ob.
1337 2636 1518 2677 Stephanus
1535 2646 1623 2677 puer,
1641 2636 1722 2666 filius
1739 2634 1897 2666 Cristanni

609 2688 652 2716 im
676 2687 905 2728 Haszemberg.
