2054 2948
264 88 303 118 68

338 345 369 371 V.
382 344 438 371 kal.

325 618 371 644 IV.
386 617 440 644 kal.

321 890 368 916 ΙΙΙ.
383 890 438 916 kal.

335 1125 369 1150 ΙΙ.
383 1123 438 1150 kal.

384 1615 440 1640 kal.

327 1879 373 1906 IV.
387 1888 449 1905 non.

330 2172 376 2197 III.
391 2181 451 2198 non.

484 344 525 370 27.

485 617 526 643 28.

484 1123 525 1150 30.

504 1880 527 1905 ,ιο

857 80 1043 107 DIOECESIS
1064 79 1319 106 PASSAVIENSIS.

623 168 648 194 h.
663 168 689 199 l..
710 167 751 193 vir
771 167 861 194 clarus
881 168 909 193 et
928 165 1053 193 eruditus
1072 174 1104 192 ac
1124 165 1198 191 omni
1216 165 1299 191 laude
1312 164 1420 198 dignus,
1439 163 1585 197 hydropisi
1597 163 1729 190 laborans
1742 172 1776 190 ex
1787 163 1841 190 hac
1856 164 1916 190 vita.

623 210 744 237 feliciter
756 209 890 244 migravit
902 209 937 236 ad
951 209 1099 235 Dominum
1114 208 1188 235 1572.
1219 207 1322 234 Paulus
1334 206 1540 233 Gallenbacher
1552 206 1613 240 pbr.
1624 207 1652 233 et
1664 215 1699 232 m.
1710 206 1739 232 in
1751 206 1915 240 Tegernsee.

624 253 795 287 Pangratius
815 252 874 286 pbr.
890 253 917 278 et
937 260 996 278 can.
1010 251 1038 277 in
1057 250 1264 277 Neunkirchen.
1302 250 1444 276 Cristanus
1463 248 1524 282 pbr.
1538 250 1566 275 et
1584 258 1619 274 m.
1655 248 1807 275 Mauricius
1824 249 1916 275 Lauff-

625 296 720 330 ringer
738 304 781 322 ao.
795 295 829 321 Di
846 296 963 321 mortem
982 294 1061 326 ob.³))

570 339 814 370 Purchardus
836 338 914 379 pbr.
933 341 970 369 et
992 348 1033 368 m.
1050 349 1080 367 n.
1127 340 1320 374 [Leonhardus
1339 349 1376 365 m.
1394 339 1593 366 Lunelacensis
1611 337 1712 370 1494⁰.]
1758 334 1915 366 Gisilol-

624 389 690 420 dus
714 390 790 430 pbr.
809 393 845 420 et
868 400 909 420 m.
927 400 955 419 n.
1001 378 1066 420 1thst
1090 388 1115 418 1³
1131 392 1166 418 na
1183 387 1234 418 ob.
1274 391 1385 417 Ulricus
1402 391 1466 417 abb.
1484 391 1514 417 in
1531 386 1740 424 Osterhoven1)
1756 386 1807 424 Lb)
1845 391 1915 418 Her·

623 440 706 466 wicus
729 440 789 474 pbr.
807 442 835 467 et
858 449 893 466 m.
910 439 939 465 in
958 439 1138 472 Alderspach.
1182 438 1330 470 (Iohannes
1350 437 1413 463 abb.
1433 437 1461 463 in
1480 437 1601 470 Aspaeh.
1637 435 1790 463 Mauricius
1809 436 1870 470 pbr.
1887 439 1916 463 et

620 493 656 510 m.
673 493 698 508 n.
717 483 837 516 pietate,
864 482 986 509 moribus
1005 484 1034 508 et
1053 480 1187 514 exemplis
1207 480 1324 507 devotus
1343 488 1376 506 ac
1395 480 1512 513 probus,
1540 481 1692 506 extremum
1712 479 1815 505 clausit
1832 479 1915 510 diem,

623 536 648 552 n.
663 526 801 559 parochus
819 525 847 551 in
863 525 1043 551 Schwarczen
1057 524 1132 550 1562.
1168 524 1276 550 Helena
1295 523 1403 549 smonlis
1422 524 1451 549 et
1470 531 1574 549 consor.
1588 527 1628 549 11³.
1665 522 1797 548 Placidus
1810 522 1916 548 Heckel

625 568 658 594 de
672 568 853 598 Walerstain,
874 568 934 601 pbr.
948 569 976 593 el:
995 577 1029 593 m.
1043 566 1072 592 in
1091 566 1267 600 Tegernsee.)

571 612 786 653 Liudgerus
809 611 890 642 abb.
908 611 975 652 (ΠΕ)
999 610 1357 651 οοης]ἐὲ3,οἰοῐ]ἱε.2)
1395 608 1651 639 Willihalmus
1674 607 1862 638 heremita
1885 619 1915 639 n.

623 666 800 700 [Benedictus
814 666 873 700 pbr.
888 668 916 692 et
931 675 964 691 m.
980 664 1207 697 Ratisboneusis.]
1244 661 1464 691 Hartmannus
1485 659 1557 690 abb.
1575 659 1615 690 de
1632 657 1809 700 Prfifnig.³)
1849 663 1916 696 [Cri-

623 716 738 740 stannus
751 713 860 739 Strobel
878 712 1003 738 novicius
1018 711 1191 745 Ebersperg.]
1229 710 1374 737 Heiuricus
1394 710 1453 744 pbr.
1467 719 1492 736 n.
1507 710 1540 735 de
1554 709 1736 743 Chirhperch.
1772 709 1915 742 (Placidus

624 756 696 782 diac.
714 759 742 782 et
765 765 800 782 m.
819 755 1021 781 Admontensis.
1058 754 1234 780 Eberhardus
1254 754 1315 787 pbr.
1332 755 1360 781 et
1379 763 1414 779 m.
1452 753 1571 779 Lazarus
1590 752 1661 779 diac.
1679 754 1707 779 et
1726 762 1762 779 m.
1781 752 1916 779 Reichen-

623 799 722 826 wach.)
759 798 905 832 [Iohannes
918 798 978 831 pbr.
992 800 1020 823 et
1033 806 1068 822 m.
1081 796 1109 822 in
1124 797 1263 827 Mannsee,
1278 796 1369 823 dictus
1382 795 1588 829 Eberspergen]
1620 794 1681 827 (Ob.
1694 795 1723 821 D.
1736 794 1837 821 Michel
1851 794 1915 822 abb.

624 850 655 867 ex
676 841 763 867 monio
784 841 925 866 Lambach
944 848 986 866 ao.
1000 842 1052 866 etc.
1067 839 1176 872 (15)34.)

573 885 650 916 Otto
676 884 741 914 dux
757 884 904 914 Bawarie
929 883 1012 924 ob.⁴)
1058 882 1275 923 Yngrammus
1298 881 1367 922 pbr.
1386 884 1418 912 et
1442 892 1482 911 m.
1500 880 1529 911 Si
1547 880 1680 916 Quirini.
1726 880 1916 921 Reinpoto

622 935 699 976 pbr.
724 938 760 965 et
787 945 828 965 m.
854 934 979 965 Altha.
1032 938 1182 964 Hainricus
1210 946 1252 964 CV.
1274 939 1304 964 et
1329 946 1366 963 m.
1388 946 1416 963 n.
1439 937 1555 971 pellifex
1583 936 1627 963 ob.
1649 935 1917 963 M⁰CCC⁰XXXIII⁰.

621 985 777 1012 Hadmarus
798 985 831 1011 de
850 984 939 1018 Spitz,
959 984 1046 1011 miles.
1084 984 1216 1017 [Thomas
1230 983 1442 1017 Sehelmperger
1461 983 1522 1016 pbr.
1538 984 1567 1009 et
1586 991 1645 1009 can.
1659 981 1685 1008 Si
1698 981 1829 1016 Nicolai]
1866 982 1918 1014 (Io-

623 1034 730 1060 hannes
754 1033 814 1067 pbr.
835 1034 864 1059 et
888 1033 961 1062 can.)
1006 1027 1165 1058 Hadwic
1190 1032 1296 1058 coma.
1344 1031 1435 1061 (Viam
1459 1030 1589 1057 universe
1609 1030 1700 1057 carnis
1716 1030 1859 1064 ingressus
1876 1032 1920 1057 est

622 1080 713 1106 revclus
726 1079 755 1105 in
769 1079 881 1105 Christo
896 1088 922 1112 p.
934 1078 1028 1104 Sixtus
1040 1078 1128 1105 Sohar
1141 1078 1174 1104 de
1187 1077 1302 1108 Hinren,
1317 1077 1392 1111 prior
1405 1077 1486 1103 monii
1499 1077 1662 1110 Tegernsee,
1679 1076 1769 1110 pridie
1783 1076 1834 1102 cal.
1848 1076 1918 1109 dec.)

572 1122 736 1149 Chunradus
756 1122 816 1156 pbr.
830 1122 873 1148 ob.
911 1121 1021 1147 Ulricus
1034 1121 1126 1147 dictus
1145 1121 1178 1146 de
1193 1121 1276 1146 Vorst
1295 1122 1323 1146 et
1342 1121 1358 1146 2
1377 1120 1428 1146 filii
1441 1120 1500 1146 eius
1514 1119 1632 1150 Ulricus,
1653 1119 1799 1146 Heinricus
1812 1120 1831 1145 li
1844 1119 1918 1146 obic-

624 1172 699 1196 ruut.
745 1165 943 1196 Gozwinus
973 1165 1051 1206 pbr.
1076 1168 1112 1195 et
1141 1175 1181 1195 m.
1234 1164 1414 1195 Ohotwic.
1466 1164 1647 1194 Trutman
1676 1173 1717 1193 m.
1769 1167 1919 1199 [Iohannes

625 1216 788 1243 scolasticus
801 1226 826 1242 n.
863 1216 1044 1242 Godehardus
1057 1216 1119 1249 pbr.
1133 1218 1161 1241 et
1173 1224 1208 1241 m.
1223 1224 1256 1244 n..
1275 1215 1349 1248 pleb.
1363 1215 1390 1240 in
1404 1216 1502 1248 Augea
1515 1214 1602 1241 Beate
1613 1213 1745 1247 Virginis.
1782 1214 1918 1239 Iohannes

625 1261 684 1293 pbr.
700 1262 728 1286 et
748 1269 782 1285 m.
796 1259 824 1285 in
838 1260 1011 1293 Tegernsee.]
1049 1259 1219 1291 <Leonardus
1238 1268 1272 1284 m.
1286 1257 1491 1284 Lunelacensis.
1529 1257 1650 1283 Michael
1668 1256 1728 1290 pbr.
1742 1258 1771 1283 et
1783 1265 1817 1282 m.
1834 1256 1918 1283 Lune-

623 1303 749 1329 Iacensis.
787 1302 924 1329 Iohannes
943 1302 1004 1336 pbr.
1018 1304 1046 1328 et
1064 1311 1100 1328 m.
1117 1301 1319 1327 Lunelacensis.
1357 1300 1407 1327 Ob.
1421 1300 1515 1326 Sixtus
1528 1300 1651 1326 Schauer
1665 1299 1724 1333 pbr.
1738 1301 1766 1326 et
1779 1308 1823 1330 m.,
1843 1299 1918 1332 prior

623 1346 656 1371 de
672 1345 826 1379 Degernsee
841 1345 1044 1378 zzMoD0)[.111.e)
1082 1344 1219 1371 Obieruut
1238 1352 1252 1370 e
1272 1343 1405 1370 coenobio
1422 1343 1682 1376 Benedictopurano
1696 1341 1820 1369 'Mathias
1833 1341 1918 1368 Treff-

625 1388 705 1419 lei-us,
726 1388 863 1414 lohannes
882 1388 1046 1419 Dichtelius,
1067 1396 1160 1414 omnes
1181 1387 1240 1420 pbri
1260 1389 1287 1413 et
1308 1387 1350 1412 mi.
1392 1386 1442 1412 Ob.
1456 1386 1589 1412 Nicolaus
1603 1385 1702 1412 Macm.
1723 1393 1822 1418 parens
1841 1384 1918 1411 abbis

626 1431 772 1457 Benedicti
792 1431 914 1457 eiusdem
934 1431 1023 1461 monii.
1044 1439 1084 1456 ao.
1105 1430 1214 1462 (15)75.)

960 1540 1227 1576 DECEMBEP..

574 1615 734 1641 Eberwinus
748 1615 812 1641 abb.
826 1615 851 1641 Si
866 1615 942 1641 Petri
957 1615 1041 1641 Althe
1055 1614 1211 1648 Superioris
1226 1614 1269 1640 ob.
1283 1621 1325 1639 ao.
1339 1612 1370 1638 Di
1384 1613 1459 1638 1335.
1497 1611 1644 1643 (Martinus
1661 1611 1720 1645 pbr.
1735 1613 1762 1637 et
1776 1620 1811 1636 m.
1842 1611 1919 1636 Wal-

623 1658 721 1684 thasar
734 1657 846 1684 Strauss
860 1658 1033 1684 decretorum
1048 1657 1144 1683 doctor
1162 1658 1192 1682 et
1210 1665 1288 1690 ppos.
1301 1656 1330 1681 in
1341 1654 1535 1681 Volklmarkh.
1571 1653 1693 1680 Michael
1707 1654 1845 1687 Prysauer
1857 1653 1917 1687 pbr.

623 1714 657 1731 m.
677 1704 842 1738 Degernsee.
896 1701 1120 1732 Eberwinus
1149 1711 1191 1731 m.
1216 1711 1245 1731 n.
1299 1700 1388 1730 Otto
1419 1710 1460 1730 m.
1514 1698 1696 1730 Fridericus
1726 1698 1858 1729 scolaris
1889 1708 1918 1728 n.

624 1752 754 1778 Albertus
779 1760 820 1778 ον.
839 1753 868 1778 et.
891 1761 926 1777 111.
946 1761 973 1778 n.
1014 1751 1112 1778 Petrus
1132 1751 1208 1784 Lyno
1233 1751 1292 1784 pbr.
1310 1752 1339 1776 et
1363 1759 1397 1776 m,
1415 1759 1440 1776 u.
1458 1750 1533 1775 1395.
1575 1749 1724 1783 [Iohannes
1747 1749 1806 1782 pbr.
1826 1750 1854 1775 et
1873 1749 1918 1782 m.]

624 1795 682 1826 (Ao.
697 1794 796 1820 salutis
813 1796 877 1828 post
893 1795 959 1821 1503
972 1794 1014 1820 ob.
1026 1794 1161 1828 Georgius
1175 1794 1320 1826 utriusque
1334 1792 1453 1819 Bavarie
1467 1792 1521 1818 dux
1534 1791 1653 1817 illustris
1666 1791 1756 1823 et0.d))
1793 1791 1920 1824 [Leonar-

624 1837 674 1863 dus
694 1837 806 1863 Knewtl
826 1837 886 1870 pbr.
903 1840 930 1863 et
950 1846 985 1863 m.
999 1846 1031 1863 ex
1051 1837 1137 1863 [υοῐιίΟ
1157 1836 1260 1863 Althae
1281 1835 1444 1870 Superioris.
1480 1834 1617 1869 Virgilius
1635 1834 1764 1867 abb.e)⁵)]

574 1879 613 1913 [Ρ.
629 1880 726 1906 Petrus
747 1880 918 1914 Reinprecht
937 1880 1013 1914 prior
1032 1881 1092 1913 pbr.
1111 1882 1138 1906 el:
1157 1889 1192 1906 m.
1210 1880 1236 1905 h.
1254 1879 1336 1905 monii
1356 1878 1487 1904 videlicet
1507 1877 1572 1903 Alte
1591 1876 1740 1907 Inferioris.
1766 1876 1809 1902 ob.
1826 1885 1868 1903 ao.
1887 1876 1920 1902 Di

624 1922 980 1955 (MoCOCCo)LXXxl1110.
1018 1923 1130 1949 Maurus
1150 1923 1210 1956 pbr.
1228 1924 1257 1948 el:
1275 1931 1310 1948 m.
1328 1921 1355 1947 in
1375 1921 1551 1955 Eberspe1·g.]
1588 1920 1784 1954 (Wolfgangus
1805 1920 1920 1946 Lausser

625 1970 684 2003 pbr.
700 1972 727 1996 et
746 1979 779 1996 rn.
795 1971 821 1995 ni
840 1971 919 1996 monii
940 1971 982 1996 ob.
999 1979 1040 1996 ao.
1055 1972 1106 1996 etc.
1122 1969 1272 2001 (M0D0)30.
1315 1965 1564 2006 Marquardus
1588 1963 1702 2005 abb.⁵)
1748 1963 1918 1994 Olunioh·

625 2018 817 2048 Arnoldus
840 2018 916 2059 pbr.
936 2022 971 2048 et
995 2029 1035 2048 m.
1054 2029 1082 2048 n.
1123 2022 1274 2052 (Iohannes
1291 2022 1352 2055 pbr.
1371 2023 1399 2047 et
1415 2021 1463 2052 m.)
1502 2015 1585 2046 Ifiita
1600 2015 1626 2045 1³
1642 2026 1671 2046 n.
1690 2015 1729 2046 dc
1745 2014 1918 2046 Rimchina

626 2068 676 2098 ob.
728 2068 939 2100 Gotschaleus
963 2080 1009 2100 cv.
1027 2081 1056 2099 n.
1075 2069 1124 2099 ob.
1172 2073 1331 2105 (L‘dalricus
1356 2073 1427 2098 diac.
1446 2073 1475 2098 in
1498 2071 1688 2101 Ranshoven.)
1734 2066 1918 2097 Dietmarus

628 2130 672 2149 ev.
692 2123 724 2150 ct
747 2131 787 2150 iu.
806 2131 834 2150 11.

506 2174 528 2198 3
575 2170 745 2201 Heinricus
769 2171 836 2211 pbr.
861 2176 892 2202 et
916 2183 956 2202 m.
979 2171 1014 2202 Se
1036 2172 1218 2212 Margarete
1244 2171 1384 2212 virginis.
1431 2174 1559 2205 (Georius
1584 2182 1644 2200 can.
1667 2169 1693 2199 Si
1713 2173 1822 2200 Nicolai
1845 2174 1918 2205 Pat.)

624 2221 771 2253 [Iohannes
789 2230 848 2247 can.
863 2222 891 2247 in
908 2222 1075 2255 lleitnpuch.
1106 2222 1211 2255 Caspar
1224 2229 1283 2247 can.
1298 2221 1421 2253 ibidem]
1454 2216 1668 2247 Hieremias
1688 2216 1763 2257 pbr.
1780 2219 1816 2247 et
1833 2227 1873 2247 m.
1887 2227 1916 2247 n.

627 2268 826 2309 Rudgerus
854 2270 1020 2300 subdiac.
1044 2274 1080 2300 ct
1107 2280 1148 2300 m.
1170 2268 1411 2309 XVindberge.
1463 2267 1655 2299 Gebhardus
1679 2278 1745 2308 eps.
1768 2267 1918 2308 Ratispo-

627 2321 774 2358 nensis.⁶)
812 2325 1000 2357 [Leonhardus
1020 2325 1079 2358 pbr.
1094 2327 1122 2351 et
1141 2334 1175 2349 m.
1190 2324 1217 2349 iu
1233 2323 1413 2357 Aldezspach.
1450 2323 1614 2349 Ludowicus
1628 2323 1687 2356 pbr.
1702 2325 1731 2348 et
1744 2323 1789 2356 nr]
1826 2322 1918 2349 Fride-

627 2370 699 2395 ricus
720 2380 760 2396 ον.
775 2374 801 2397 et
822 2381 856 2397 ni.
872 2372 897 2397 in
913 2372 1094 2405 Alderspacli.
1132 2371 1263 2404 [Michael
1282 2371 1342 2404 pbr.
1356 2372 1384 2397 et
1397 2380 1431 2396 m.
1446 2370 1649 2397 Lambacensis.
1687 2370 1809 2396 Andreas
1823 2370 1919 2396 Holcz—

371 2478 393 2511 a)
414 2480 448 2504 B:
468 2482 605 2506 Heinrieus
625 2483 736 2515 Scriptor
755 2484 785 2508 de
804 2485 985 2516 Hengerspcrg
1003 2485 1079 2515 (saec.
1094 2484 1173 2513 XV).
1280 2482 1304 2516 1))
1324 2483 1390 2515 Leye
1410 2483 1459 2508 [Ῐί
1564 2484 1586 2512 c)
1613 2482 1674 2507 Vide
1691 2487 1777 2507 'lolam
1798 2482 1834 2506 (ῖᾶ
1852 2482 1918 2507 diem

492 2522 516 2553 d)
536 2523 614 2548 Hanc
638 2530 723 2549 notam
746 2526 876 2550 reddimus
900 2527 924 2551 [71
950 2528 1049 2552 brevius
1072 2531 1236 2551 contractam.
1347 2525 1369 2557 e)
1390 2525 1426 2549 B:
1452 2526 1590 2550 Hainricus
1613 2525 1643 2549 de
1667 2525 1728 2550 Awe
1752 2533 1806 2550 can.
1826 2525 1919 2549 veteris

269 2564 367 2596 capelle
387 2565 484 2590 Ratisb.
499 2565 575 2595 (saec.
590 2566 688 2597 XIV).

267 2524 305 2546 29.
323 2522 385 2546 Now.

374 2642 392 2672 ¹)
417 2640 524 2666 Ulricus
543 2641 604 2673 IV„
625 2642 662 2667 ob.
677 2651 700 2668 a.
721 2646 790 2669 1324.
898 2645 917 2675 ²)
937 2644 1051 2669 Altahae
1070 2644 1228 2677 Superioris,
1249 2644 1286 2670 ob.
1299 2652 1324 2670 a.
1340 2647 1408 2670 1137.
1516 2645 1536 2675 ³)
1558 2643 1601 2669 Ob.
1616 2652 1640 2669 ιι.
1656 2646 1725 2669 1239.
1830 2645 1851 2676 ⁴)
1873 2642 1918 2669 Ob.

485 2685 503 2715 ⁵)
525 2683 569 2710 Ob.
584 2694 609 2711 (t.
624 2689 689 2717 1195.
710 2686 764 2710 dics
785 2695 837 2711 non
857 2690 969 2713 constat.
1076 2689 1096 2719 ὃ’)
1120 2686 1164 2713 Ob.
1181 2696 1204 2713 α,
1221 2690 1291 2713 1060.

268 2691 292 2707 α.
308 2685 375 2708 1253.
