2054 2948
273 100 334 136 360
882 91 1068 119 DIOECESIS
1086 91 1308 118 LENTIENSIS.

281 182 385 209 XVIII.
398 181 454 208 kal.
499 181 539 208 14.
585 181 633 206 Ob.
653 179 800 206 Udalricus
825 187 880 205 acc.
899 178 933 205 de
951 178 1071 205 Mansee.
1115 178 1231 204 loannes
1250 177 1309 210 pbr.
1332 185 1358 201 n.
1379 184 1401 202 c.
1443 175 1611 201 Laurentius
1637 174 1712 208 prior
1736 174 1770 201 de
1793 174 1824 201 So
1843 175 1921 202 Eme-

632 231 744 249 rammo.
799 221 931 251 Quirinus
965 221 1023 254 pbr.
1046 220 1075 246 in
1103 220 1266 254 Tegernsee.
1318 217 1526 244 Maximilianus
1559 217 1619 250 pbr.
1642 216 1671 242 in
1704 216 1921 244 Cremsminster.

634 264 774 292 Castorius
785 264 845 298 pbr.
859 263 886 289 in
898 263 1060 297 Tegernsee.
1087 262 1217 288 Placidus
1228 261 1287 295 pbr.
1298 260 1410 287 ibidem.
1436 259 1572 290 Martinus
1586 268 1626 285 ον.
1635 259 1670 286 ad
1681 259 1777 285 Scotos
1786 259 1921 287 Viennae.

631 307 787 334 Beruardus
809 306 868 340 pbr.
886 306 913 331 in
932 306 1050 332 Monsee.
1092 305 1136 331 Fr.
1155 303 1299 330 Anselmus
1326 303 1395 336 prof.
1414 302 1443 328 in
1461 302 1624 329 Formbach.
1665 302 1789 329 Andreas
1807 302 1867 336 pbr.
1886 302 1922 329 ad

631 350 687 376 Sum
701 349 867 375 Florianum.

298 395 384 421 XVII.
398 394 453 421 kal.
501 395 540 419 15.
586 392 636 419 Ob.
650 391 810 418 Ambrosius
830 391 889 424 pbr.
901 391 933 417 de
953 390 1055 416 Altach
1069 388 1203 415 Inferiori.
1234 387 1393 415 Leonardus
1412 387 1472 420 pbr.
1486 387 1519 413 de
1533 386 1750 413 Cremsminster.
1787 387 1923 421 Georgius

633 443 674 461 cv.
685 435 718 460 (le
730 428 972 466 Closterneuburg.
999 431 1089 458 David
1099 431 1158 464 pbr.
1169 430 1198 456 in
1209 430 1372 463 Tegernsee.
1398 429 1547 455 Mauritius
1557 429 1617 463 pbr.
1628 429 1661 455 de
1674 429 1777 455 Altach
1787 429 1922 456 Inferiori.

633 477 675 503 Fr.
691 477 829 510 Rupertus
854 475 887 501 de
912 475 989 501 Cella
1013 474 1126 500 Mariae.
1163 473 1194 499 D.
1212 472 1348 506 Georgius
1375 472 1438 499 abb.
1457 472 1492 497 ad
1518 471 1615 499 Scotos
1631 471 1792 506 Viennae.¹)
1829 471 1921 498 Ferdi-

632 519 738 546 naudus
762 519 821 552 pbr.
835 527 861 544 n.
876 526 898 544 e.
917 520 945 544 et
964 517 1102 550 quondam
1121 516 1258 549 parochus
1281 515 1310 541 in
1329 515 1424 541 Molln.
1461 515 1491 541 P.
1505 515 1584 541 Paris
1603 523 1657 541 sac.
1676 514 1815 541 iubilaeus
1833 514 1923 541 Burae

635 563 655 588 si
669 560 822 587 Michaelis.

309 607 382 633 XVI.
396 607 452 633 kal.
500 606 540 632 16.
586 605 636 631 Ob.
651 604 681 629 D.
696 603 868 629 Hadamarus
881 602 943 628 abb.
958 610 982 627 n.
996 602 1041 633 c.²)
1072 601 1211 627 Matthias
1231 600 1290 634 pbr.
1303 600 1335 626 de
1355 602 1490 634 Augusta.
1526 600 1642 626 Ioannes
1662 608 1702 626 ον.
1716 599 1744 626 iu
1758 599 1922 633 Tegernsee.

632 647 664 673 D.
679 646 798 672 Thomas
818 653 895 678 ppos.
915 644 944 670 in
959 643 1193 677 Reicliersperg.³)
1224 643 1339 669 Ioannes
1357 642 1417 676 pbr.
1432 643 1465 669 de
1485 642 1726 677 Closterneuburg.
1757 643 1923 669 Laurentius

632 689 691 723 pbr.
706 689 738 715 de
758 687 905 714 Gottwico.
954 686 1063 712 Marcus
1082 686 1142 719 pbr.
1162 686 1195 711 de
1214 685 1344 711 Admont.
1388 685 1482 711 Simon
1502 693 1542 712 cv.
1556 694 1615 712 n.c.
1659 685 1844 720 Wolfgangus
1863 685 1923 720 pbr.

632 741 657 757 n.
671 740 692 757 c.
724 730 857 764 Iosephus
876 729 935 763 pbr.
949 729 977 754 iu
996 729 1160 762 Tegernsee.
1192 728 1354 754 Franciscus
1373 728 1433 762 pbr.
1448 728 1476 754 in
1490 728 1588 754 Mettn.
1620 728 1752 762 Iosephus
1771 729 1832 762 pbr.
1846 728 1924 754 Lam-

632 773 766 800 baeensis.
802 772 941 798 Adalbero
961 781 1002 798 cv.
1018 771 1130 798 ibidem.
1168 770 1303 805 Georgius
1323 779 1378 798 sac.
1397 772 1425 797 et
1444 771 1606 805 capellanus
1624 771 1764 805 Styrensis
1787 771 1924 798 iubilatus

632 826 658 842 n.
672 817 724 847 c.³)

322 861 382 888 XV.
396 861 451 887 kal.
499 861 537 887 17.
585 860 636 886 Ob.
654 859 776 885 Thomas
795 858 854 892 pbr.
875 867 900 884 u.
922 867 944 884 c.
982 858 1103 884 Thomas
1127 857 1161 884 de
1180 858 1304 888 Mamee,
1330 857 1454 884 Andreas
1477 857 1510 884 de
1529 857 1657 892 Augusta
1681 857 1750 891 pbri.
1791 857 1924 884 Nicolaus

631 901 690 935 pbr.
705 901 738 927 de
757 901 918 934 Salzburga.
950 900 1145 933 cristophorus
1167 908 1207 926 cv.
1222 900 1255 926 de
1275 899 1516 934 Closterneuburg.
1547 899 1661 926 Carolus
1679 899 1756 934 prior
1775 900 1807 926 de
1821 900 1924 927 Crems-

630 944 752 970 minster.
790 943 953 978 Gregorius,
978 943 1139 969 Ambrosius
1164 943 1223 976 pbri
1243 943 1276 968 de
1294 943 1398 969 Altach
1417 942 1566 976 Superiori.
1602 943 1712 969 Marcus
1737 943 1796 976 pbr.
1816 943 1849 970 de
1868 944 1924 971 Ad-

631 989 716 1013 mont.
754 986 888 1020 Aegidius
907 986 976 1020 prof.
990 986 1100 1013 ibidem.
1137 986 1260 1013 Andreas
1280 986 1338 1020 pbr.
1359 986 1387 1012 in
1407 986 1651 1020 Closterneuburg.
1686 986 1803 1012 Ioannes
1823 986 1882 1020 pbr.
1897 988 1925 1013 et

631 1038 685 1056 sen.
713 1030 746 1056 de
771 1029 873 1055 Altach
899 1029 1046 1063 Superiori.
1095 1029 1262 1055 Benedictus
1290 1029 1350 1063 pbr.
1376 1029 1411 1055 ad
1438 1030 1533 1056 Scotos
1558 1029 1690 1056 Viennae.
1737 1029 1924 1056 Hartmannus

630 1073 690 1106 pbr.
711 1073 739 1098 in
758 1072 1000 1106 Closterneuburg.
1037 1072 1188 1098 Balthasar
1210 1072 1269 1105 pbr.
1287 1073 1316 1098 et
1339 1072 1468 1106 supprior
1492 1071 1520 1098 in
1540 1072 1718 1098 Oberaltach.
1759 1071 1925 1106 Rudolphus

630 1115 691 1149 pbr.
712 1118 739 1141 et
758 1124 814 1141 sen.
834 1114 862 1140 in
883 1115 1045 1149 Tegernsee.
1082 1116 1121 1140 Da
1140 1115 1228 1141 Maria
1247 1114 1405 1141 Coelestina
1424 1115 1494 1141 abba
1511 1114 1540 1141 iu
1559 1115 1773 1141 Hochenwarth.

310 1159 383 1186 XIV.
397 1159 453 1185 kal.
497 1158 539 1184 18.
584 1158 634 1184 Ob.
648 1157 813 1191 Rudolphus
826 1158 919 1183 Mozzo
933 1159 961 1184 et
975 1157 1152 1191 Cunegundis
1165 1166 1209 1183 ux.
1223 1157 1290 1189 eius,
1304 1157 1496 1184 benefactores
1509 1158 1543 1184 ni.
1576 1157 1689 1184 Gabriel
1702 1166 1743 1183 cv.
1757 1157 1790 1184 de
1804 1157 1924 1184 Mellico.

632 1201 749 1227 Iacobus
769 1201 828 1234 pbr.
848 1200 960 1227 ibidem.
998 1201 1119 1232 Maurus,
1139 1200 1255 1226 Iacobus
1274 1200 1335 1234 pbri
1355 1201 1388 1226 de
1409 1200 1510 1227 Altach
1530 1200 1679 1234 Superiori.
1716 1200 1845 1226 Urbanus
1864 1200 1924 1234 pbr.

633 1244 667 1270 ad
688 1244 744 1270 Sum
758 1243 908 1269 Martinum
928 1243 957 1269 in
976 1243 1128 1269 Pannonia.
1165 1243 1322 1276 Stephanus
1341 1244 1402 1276 pbr.
1421 1243 1649 1270 Schlirbacensis.
1685 1243 1845 1277 Alphonsus
1864 1243 1924 1277 pbr.

631 1287 659 1313 in
679 1287 799 1313 Monsee.

307 1331 379 1357 XIII.
393 1330 449 1357 kal.
494 1330 534 1356 19.
580 1329 631 1356 Ob.
649 1330 747 1356 Petrus
766 1329 799 1356 de
817 1329 987 1359 Losenstaim
1007 1329 1169 1355 benefactor
1188 1338 1213 1355 n.
1245 1329 1366 1354 Thomas
1385 1329 1446 1362 pbr.
1482 1328 1733 1363 Fr.W01ffgangus
1752 1329 1786 1355 de
1806 1328 1924 1356 Seitten-

632 1374 745 1399 stetten.
777 1372 917 1398 Conradus
931 1372 1006 1406 prior
1019 1372 1051 1398 de
1067 1372 1231 1398 Ratisbona.
1264 1371 1432 1398 Benedictus
1446 1371 1504 1405 pbr.
1519 1371 1552 1398 de
1566 1372 1621 1398 Atl.
1652 1371 1742 1397 Maria
1755 1372 1925 1405 Magdalena

632 1416 708 1449 prosa
727 1415 755 1441 in
775 1415 909 1448 Nunberg
929 1414 1092 1448 Salisburgi.
1129 1414 1303 1440 Scholastica
1327 1414 1403 1447 prosa
1427 1414 1455 1440 in
1475 1414 1601 1440 Kiebach
1620 1416 1649 1441 et
1672 1414 1804 1448 priorissa
1829 1415 1857 1440 in
1875 1414 1924 1440 Ur-

632 1467 744 1492 spruug.
776 1457 910 1491 Georgius
924 1457 983 1491 pbr.
998 1457 1026 1483 in
1041 1457 1209 1491 Baumburg.
1242 1458 1353 1483 Maurus
1366 1457 1426 1491 pbr.
1441 1457 1476 1483 ad
1489 1457 1546 1483 Sum
1560 1457 1711 1483 Martinum
1729 1457 1758 1483 in
1773 1457 1923 1484 Pannonia.

633 1501 761 1526 Erasmus
783 1500 843 1534 pbr.
863 1500 892 1526 iu
912 1500 1040 1526 Admont.
1077 1500 1257 1526 Sebastianus
1282 1509 1323 1526 ον.
1343 1500 1371 1525 in
1391 1499 1563 1526 Oberaltaih.
1601 1500 1785 1533 Hieronymus
1809 1500 1869 1534 pbr.
1889 1501 1925 1527 ad

634 1544 689 1570 Sum
703 1543 850 1569 Nicolaum
870 1552 956 1577 prope
972 1543 1142 1569 Passavium.
1179 1543 1350 1569 Philibertus
1371 1542 1430 1576 pbr.
1445 1543 1694 1570 Seittenstetentis.
1732 1543 1844 1569 Maurus
1864 1543 1924 1577 pbr.

632 1586 885 1612 Michaelburanus.
923 1586 1105 1619 Ildephonsus
1125 1585 1184 1619 pbr.
1204 1586 1239 1611 ad
1259 1586 1315 1611 Sum
1328 1586 1479 1612 Martinum
1498 1586 1525 1611 in
1546 1586 1700 1612 Pannonia.

318 1630 449 1656 X11.kal.
495 1630 534 1657 20.
582 1629 631 1656 Ob.
651 1629 835 1662 Hieronymus
858 1629 918 1662 pbr.
940 1629 969 1654 in
993 1628 1155 1662 Tegernsee,
1198 1628 1301 1655 Paulus
1325 1629 1385 1662 pbr.
1403 1638 1428 1655 n.
1447 1638 1468 1655 c.
1512 1628 1673 1655 Ambrosius
1697 1628 1757 1662 pbr.
1780 1629 1813 1655 de
1836 1628 1924 1655 Altah

633 1672 782 1706 Superiori.
820 1672 988 1698 Adalbertus
1007 1671 1066 1705 pbr.
1086 1671 1113 1697 in
1128 1671 1292 1705 Tegernsee.
1326 1672 1441 1698 Ioannes
1460 1673 1488 1698 et
1507 1671 1635 1697 Urbanus
1654 1671 1715 1705 pbri
1734 1671 1763 1697 in
1781 1671 1924 1698 Reichers-

632 1724 709 1749 perg.
750 1715 873 1741 Marinus
898 1715 968 1741 diac.
989 1724 1013 1740 u.
1032 1723 1054 1740 c.
1098 1714 1245 1740 Udalricus
1271 1714 1347 1748 prior
1371 1713 1555 1741 Glunicensis.
1593 1714 1786 1748 Wolffgangus
1810 1714 1869 1748 pbr.
1889 1714 1925 1741 ad

632 1759 688 1784 Sum
700 1757 903 1784 Emmeramuni
917 1757 1097 1783 Ratisbonae.
1126 1757 1322 1791 XVolffgangus
1336 1765 1376 1783 cv.
1388 1757 1421 1783 de
1433 1757 1553 1784 Mansee.
1584 1757 1699 1783 Ioannes
1712 1756 1772 1791 pbr.
1783 1757 1811 1782 iu
1825 1756 1924 1783 Suben.

336 1801 382 1827 XI.
396 1801 452 1827 kal.
497 1801 537 1827 21.
584 1801 633 1827 Ob.
647 1802 679 1826 D.
691 1800 834 1827 Cum-adus-
854 1800 917 1827 abb.
932 1809 957 1826 n.
972 1802 1018 1831 c.⁴)
1049 1800 1081 1827 D.
1097 1800 1231 1826 Henrieus
1251 1800 1348 1832 abbst).
1369 1800 1497 1833 Raphael
1516 1800 1576 1833 pbr.
1589 1799 1617 1825 in
1632 1800 1795 1834 Tegernsee.
1826 1799 1923 1825 Erhar-

634 1844 684 1870 (lus
704 1844 736 1869 de
751 1843 898 1874 Lambaco,
919 1843 1039 1869 Thomas
1059 1843 1092 1869 de
1106 1843 1218 1870 Mellico
1238 1843 1307 1876 pbri.
1339 1843 1455 1869 Ioannes
1475 1852 1515 1869 cv.
1530 1843 1563 1869 de
1576 1843 1710 1876 Augusta.
1747 1842 1779 1869 D.
1794 1842 1925 1876 Augusti-

632 1896 682 1912 nus
702 1886 765 1912 abb.
780 1886 815 1912 ad
828 1886 924 1912 Scotos
937 1886 1095 1918 Viennam)
1126 1886 1289 1917 Fridericus,
1309 1885 1486 1917 Benedictus,
1506 1886 1627 1916 Maurus,
1647 1885 1785 1915 Ieremias,
1800 1885 1924 1917 Iacobus,

632 1929 736 1955 Tobias
751 1929 811 1962 pbri
826 1928 938 1955 ibidem.
964 1929 1088 1955 Mathias
1101 1929 1161 1962 pbr.
1175 1929 1202 1954 in
1214 1928 1364 1955 Lambach.
1389 1928 1420 1954 D.
1429 1928 1512 1955 Vitus
1525 1928 1588 1955 abb.
1603 1928 1636 1954 de
1651 1928 1752 1955 Altach
1766 1927 1926 1961 Inferioriff)

634 1972 816 1998 Sebastianus
840 1972 899 2005 pbr.
920 1971 948 1997 in
968 1972 1087 1998 Monsee.
1125 1972 1237 1997 Maurus
1256 1971 1316 2005 pbr.
1336 1971 1364 1997 in
1383 1971 1570 1998 Mallerstorff.
1606 1971 1744 1998 Martinus
1764 1979 1804 1997 cv.
1824 1970 1852 1996 in
1870 1971 1925 1996 Ad-

631 2017 716 2041 mont.
753 2015 912 2041 Gothardus
931 2015 990 2048 pbr.
1010 2017 1038 2041 et
1057 2023 1113 2041 sen.
1132 2014 1160 2040 in
1180 2015 1295 2041 Metten.

352 2056 383 2082 X.
397 2056 452 2081 kal.
498 2057 537 2082 22.
583 2057 632 2083 Ob.
652 2058 766 2083 Ioannes
789 2058 850 2091 pbr.
870 2058 903 2084 de
923 2058 1000 2085 Cella
1021 2057 1132 2084 Mariae.
1170 2057 1293 2084 Andreas
1312 2056 1383 2083 diac.
1403 2057 1436 2083 de
1454 2056 1618 2090 Salzburga.
1654 2056 1696 2082 Fr.
1710 2056 1872 2083 Dominicus
1891 2057 1924 2083 de

631 2100 733 2126 Altach
754 2100 903 2134 Superiori.
941 2101 971 2126 D.
990 2101 1106 2126 Ioannes
1129 2100 1194 2126 abb.
1214 2100 1249 2126 ad
1270 2099 1366 2126 Scotos
1387 2099 1543 2132 Viennae.⁸)
1581 2099 1728 2133 Georgius,
1749 2099 1924 2131 Guiliehnus,

634 2143 777 2175 Placidus,
801 2143 970 2174 Uei-hardus,
994 2143 1151 2169 Ioachimus
1175 2145 1203 2169 et
1221 2142 1393 2176 Augustinus
1416 2142 1477 2176 pbri
1501 2142 1613 2168 ibidem.
1654 2141 1792 2168 Maximus
1816 2142 1875 2176 pbr.
1895 2144 1924 2168 et

633 2194 688 2211 sen.
708 2185 742 2210 ad
766 2185 821 2211 Sum
840 2185 953 2212 Petrum
979 2185 1142 2219 Salisburgi.
1179 2185 1319 2211 Romanus
1338 2185 1397 2219 pbr.
1418 2185 1589 2217 Schyrensis.
1627 2185 1658 2211 D.
1680 2185 1836 2211 Bernardus
1859 2185 1923 2211 abb.

634 2228 662 2253 in
682 2227 844 2261 Priffling.⁹)

342 2268 386 2294 IX.
400 2269 457 2294 kal.
501 2269 542 2296 ¹23.
587 2269 637 2296 Ob.
657 2270 824 2296 Benedictus
844 2271 999 2297 Preuhafen
1025 2272 1052 2296 et
1071 2270 1161 2296 Gisila
1184 2280 1226 2296 ux.
1248 2271 1318 2302 eius,
1339 2271 1528 2297 benefactores
1551 2279 1577 2295 n.
1596 2278 1618 2296 c.
1655 2269 1791 2297 Achatius
1816 2271 1875 2304 pbr.
1895 2270 1925 2296 in

635 2312 797 2346 Tegernsee.
829 2313 1023 2347 Wolffgangus
1044 2313 1114 2339 diae.
1129 2313 1163 2340 de
1182 2313 1213 2339 So
1227 2313 1321 2339 Paulo.
1353 2313 1385 2339 D.
1400 2313 1514 2339 Ioannes
1533 2313 1597 2339 abb.
1617 2312 1650 2338 de
1669 2312 1825 2345 Monsee.¹⁰)
1863 2312 1925 2338 Phi-

634 2354 729 2388 lippus
749 2355 819 2381 diae.
833 2365 858 2381 n.
873 2364 894 2382 c.
932 2355 1115 2389 Ildephonsus
1139 2356 1198 2389 pbr.
1219 2356 1255 2382 ad
1278 2356 1335 2382 Sum
1352 2355 1555 2382 Emmeramum
1575 2355 1755 2382 Ratisbonae.
1793 2355 1925 2386 Quirinus

633 2397 693 2430 pbr.
713 2398 747 2423 ad
768 2398 823 2423 Sum
836 2398 941 2424 Vitum.
980 2398 1129 2425 Othmarus
1149 2399 1208 2432 pbr.
1228 2399 1263 2424 ad
1284 2398 1420 2428 Quercun]
1439 2398 1607 2424 Inferiorem.

379 2492 402 2520 ³)
422 2494 454 2518 In
474 2495 588 2524 massylae
607 2496 723 2520 additum
744 2496 809 2522 1695
829 2507 957 2523 annorum
976 2498 1015 2524 84.

383 2569 401 2598 ¹)
425 2568 469 2593 Ob·
483 2577 508 2594 “-
520 2572 591 2594 1664.
687 2571 707 2599 ²)
731 2571 775 2597 Ob.
790 2581 814 2597 (ι.
827 2576 888 2598 1217
907 2581 992 2599 mense
1012 2574 1158 2600 Norcmbri.
1256 2575 1275 2606 ³)
1299 2574 1344 2600 Ol).
1358 2582 1383 2599 a.
1395 2576 1462 2600 1588.
1562 2574 1582 2605 ⁴)
1601 2573 1638 2599 H.
1656 2581 1683 2599 n.
1696 2572 1720 2598 I.
1742 2571 1844 2598 ridetur
1861 2580 1923 2604 esse,

278 2608 385 2641 obpost
404 2618 428 2634 α.
444 2613 511 2641 1171),
529 2610 582 2636 dies
604 2612 672 2636 varie
691 2613 817 2639 traditur.
925 2618 944 2648 ⁵)
965 2616 1001 2642 H.
1015 2625 1040 2642 η.
1051 2617 1110 2648 IV„
1135 2617 1174 2643 ob.
1190 2625 1214 2643 a.
1226 2619 1296 2643 1345.
1404 2618 1424 2650 ὓ)
1448 2616 1493 2642 Ob.
1507 2625 1531 2642 α.
1544 2619 1606 2642 1629
1624 2615 1706 2648 (Sept.
1718 2619 1760 2648 20,
1780 2614 1923 2648 Lioezdner).

220 2682 225 2684 ,
279 2652 299 2681 ⁷)
324 2649 368 2675 Ol».
383 2654 489 2677 a.1666.
607 2655 627 2685 s)
648 2653 724 2680 Fort.
739 2655 873 2682 Iohannes
889 2657 932 2690 X.5
953 2658 1065 2684 obstin
1085 2659 1215 2692 (Nou27,
1235 2658 1379 2692 Limlner).
1497 2659 1518 2691 θ)
1542 2658 1587 2685 Ob.
1601 2661 1706 2685 a.1693.
1828 2657 1859 2690 ¹⁰)
1879 2656 1927 2682 Ad

278 2700 353 2725 quem
372 2693 538 2724 referendum
556 2695 611 2720 cst?
