2054 2948
274 72 335 101 340
884 63 1068 91 DIOECESIS
1088 62 1311 89 LENTIENSIS.

1020 177 1179 212 MAIUS.

392 254 448 280 kal.
512 254 533 280 1.
579 253 630 279 Ob.
650 252 779 278 Albertus
805 260 852 278 rex
878 251 1063 277 Romanorum
1073 252 1093 281 ¹)
1121 251 1149 275 et
1172 249 1339 276 Elizabetba
1358 249 1417 275 eius
1443 249 1572 285 coniunx,
1596 258 1629 276 ex
1652 249 1811 284 praeeipms
1838 250 1922 277 bene-

633 294 786 320 factoribus
805 302 831 319 n.
846 302 868 319 e.
900 292 1029 322 Quirinus
1048 292 1109 325 pbr.
1124 291 1151 317 in
1166 291 1329 325 Tegernsee.
1360 291 1494 317 Henricus
1513 292 1574 325 pbr.
1588 291 1622 318 de
1635 292 1770 326 Augusta.
1802 293 1924 319 Thomas

632 337 691 370 pbr.
710 337 743 362 de
762 336 841 362 Seon.
890 335 931 361 Fr.
945 335 1125 361 Weneeslaus
1150 334 1183 360 de
1204 334 1430 360 Cremsmiinster.
1476 334 1589 361 Gabriel
1611 334 1682 361 diac.
1700 335 1733 362 de
1758 335 1922 362 Ratisbona.

633 379 790 406 Leon-ardus
810 378 869 411 pbr.
889 378 922 404 de
942 377 1044 403 Altach
1065 376 1198 403 Inferiori.
1239 376 1315 402 Elias
1339 376 1398 410 pbr.
1413 385 1438 402 n.
1453 385 1475 403 c.
1517 377 1655 403 Martinus
1673 377 1734 411 pbr.
1751 378 1785 405 de
1804 378 1924 404 Closter-

633 422 766 455 neuburg.
810 420 932 447 Michael
956 420 1017 453 pbr.
1038 422 1066 445 et
1091 420 1182 445 novius
1205 419 1238 445 de
1256 419 1377 446 Mellico.
1419 419 1547 446 Kilianus
1566 421 1626 454 pbr.
1646 420 1760 447 ibidem.
1797 421 1827 448 D.
1842 421 1924 447 Vitus

633 464 696 491 abb.
711 464 744 489 de
758 463 861 489 Altach
875 462 1046 496 Superiori.²)
1078 462 1266 488 Emmeramus
1279 461 1349 495 prof.
1363 461 1391 487 in
1405 462 1483 488 Seon.
1515 462 1650 497 Georgius
1663 463 1722 497 pbr.
1736 463 1773 490 ad
1791 463 1847 489 Sum
1861 463 1924 490 Flo-

631 508 748 533 rianum.
795 507 936 532 Romanus
960 507 988 531 et
1007 504 1200 538 sigismundus
1223 505 1286 538 pbri
1308 505 1337 530 in
1357 504 1487 532 Admont.
1533 506 1668 540 Iosephus
1691 506 1751 540 pbr.
1770 506 1799 532 in
1822 506 1924 533 Suben.

632 549 796 576 Franciscus
816 550 844 575 et
863 548 996 581 Iosephus
1016 547 1077 581 pbri
1097 547 1124 572 in
1144 547 1345 574 Waldhausen.

335 603 381 629 VI.
396 611 457 629 non.
512 602 536 628 2.
582 601 631 628 Ob.
645 601 676 626 D.
689 601 803 626 Ioannes
827 599 890 625 abb.
909 599 942 625 de
962 598 1108 631 Mellieo.³)
1146 598 1227 624 Vitus
1247 607 1290 624 cv.
1308 599 1341 626 de
1364 599 1581 626 Cremsminster.
1618 599 1797 626 Sebastianus
1816 599 1876 633 pbr.
1895 599 1925 625 in

632 643 795 677 Tegernsee.
839 642 956 668 Ioannes
975 642 1035 675 pbr.
1050 642 1083 667 de
1103 641 1173 668 Attl.
1218 642 1247 667 P.
1261 642 1442 669 Sebastianus
1461 642 1588 668 Rotmair
1606 642 1682 676 prior
1699 651 1725 669 n.
1741 651 1763 669 c.
1809 642 1924 669 Gabriel

631 686 691 719 pbr.
709 687 737 712 et
756 693 811 711 sen.
831 684 864 710 de
888 684 986 711 Petiru.
1030 685 1146 711 Ioannes
1171 684 1231 718 pbr.
1254 684 1283 710 in
1301 684 1494 711 Seittenstetn.
1536 682 1731 718 Caroluspbr.
1751 685 1784 711 de
1795 685 1924 712 Closter-

630 728 763 762 neuburg.
796 728 933 754 Robertus
953 729 981 754 et
1000 727 1165 753 Bertholdus
1183 727 1244 761 pbri
1263 727 1296 754 de
1316 727 1452 754 Gotwico.
1482 727 1655 754 Aemilianus
1673 737 1698 754 n.
1713 736 1735 755 c.
1755 727 1822 754 olim
1841 727 1925 762 prior,

632 773 730 805 postea.
750 771 888 804 parochus
909 770 1059 803 Styrensis.
1080 779 1134 796 sac.
1154 770 1303 797 iubilaeus.
1339 770 1512 805 Augustinus
1532 770 1591 804 pbr.
1609 770 1638 796 in
1657 770 1824 805 Baumburg.
1863 772 1924 796 Am-

633 814 738 840 brosius
757 814 817 847 pbr.
831 813 859 839 in
878 813 1008 847 Prifling.
1044 813 1210 839 Franciscus
1227 814 1288 847 pbr.
1302 813 1332 840 in
1352 814 1431 840 Seon.

354 867 387 894 V.
399 875 461 894 non.
516 867 540 893 3.
586 866 635 892 Ob.
647 865 810 891 Vincentius
823 866 1021 898 Amersperger
1040 867 1068 891 et
1086 864 1239 891 Catharina
1258 874 1302 891 ux.
1316 865 1383 895 eius.
1403 874 1436 891 ex
1455 865 1615 900 praecipuis
1632 865 1857 892 benefactoribus
1877 865 1926 892 nis.

629 908 787 942 Elingerus‚
812 908 966 940 Conradus,
991 907 1172 934 Sebastianus
1197 908 1259 942 pbri
1283 908 1315 934 de
1336 908 1500 942 Tegernsee.
1550 908 1765 943 Christophorus
1793 908 1869 942 prior
1897 910 1925 935 et

628 951 741 977 Maurus
760 951 822 985 pbri
849 951 881 977 de
904 950 935 976 So
950 951 1041 977 Petro.
1082 952 1115 977 D.
1134 951 1251 977 Ioannes
1271 951 1403 984 Baptista
1426 960 1504 985 ppos.
1525 951 1553 977 in
1574 951 1765 985 Baumburg.4)
1803 952 1925 983 Ioannes,

629 993 778 1027 Georgius,
806 994 947 1028 Casparus
973 996 1002 1021 et
1022 994 1161 1028 Casparus
1185 995 1246 1028 pbri
1265 995 1378 1021 ibidem.
1423 995 1542 1022 Ioannes
1561 995 1620 1029 pbr.
1634 995 1663 1021 in
1682 995 1924 1022 Raittenhaslach.

628 1037 671 1063 Fr.
688 1036 856 1063 Aclalbertus
875 1038 943 1070 prof.
959 1037 986 1063 iu
1006 1037 1122 1064 Metteu.
1160 1037 1311 1071 Philippus
1331 1037 1390 1071 pbr.
1405 1037 1433 1063 in
1454 1038 1695 1064 Raittenhaslaoh.

331 1090 378 1116 IV.
392 1099 454 1116 non.
507 1090 532 1115 4.
578 1088 628 1115 Ob.
642 1088 817 1114 Hermannus
836 1088 998 1114 Miillrieder
1017 1091 1045 1115 et
1063 1098 1107 1115 ux.
1123 1089 1190 1120 eiuS‚
1210 1089 1403 1116 benefactores
1423 1090 1456 1116 ui.
1488 1089 1520 1116 D.
1534 1089 1655 1116 Iskarius
1673 1089 1737 1116 abb.
1754 1088 1782 1114 in
1802 1089 1923 1123 Tegern-

629 1132 706 1162 see.⁸)
744 1130 938 1165 Sigismundus
962 1132 1021 1165 pbr.
1040 1132 1073 1158 de
1097 1132 1315 1158 Cremsminster.
1353 1132 1384 1158 D.
1399 1132 1536 1159 Martinus
1554 1132 1618 1159 abb.
1631 1141 1656 1159 n.
1672 1141 1702 1163 c.,
1726 1133 1824 1166 postea
1847 1132 1923 1165 apud

629 1174 686 1200 Sum
705 1174 917 1207 Lambertumfi)
953 1174 1096 1200 Abraham
1119 1175 1180 1208 pbr.
1199 1175 1233 1201 de
1253 1175 1355 1201 Altach
1380 1175 1514 1202 Inferiori.
1551 1175 1721 1202 Wilibaldus
1744 1175 1804 1208 pbr.
1824 1174 1920 1200 Gluni-

629 1216 725 1243 censis.
763 1217 930 1242 Altmannus
944 1217 1149 1244 Gottwieensis.
1187 1217 1276 1244 David
1295 1218 1357 1252 pbr.
1371 1220 1399 1245 et
1418 1219 1557 1252 quondam
1575 1219 1652 1252 prior
1671 1217 1924 1252 Cremiphanensis.

630 1260 802 1294 Augustinus
821 1260 882 1293 pbr.
902 1260 931 1285 in
951 1260 1192 1294 Closter-neuburg.
1236 1261 1351 1287 Ioannes
1370 1262 1461 1287 novius
1480 1262 1508 1287 in
1529 1261 1746 1288 Cremsminster.
1784 1261 1923 1294 Sulpitius

629 1302 949 1344 pbr-BaumburgensiS.
986 1303 1130 1329 Marianus
1149 1304 1208 1337 pbr.
1223 1304 1258 1330 ad
1278 1304 1374 1330 Scotos
1387 1304 1520 1331 Viennae.

332 1356 454 1382 HLnon.
507 1355 531 1380 5.
577 1354 627 1380 Ob.
646 1355 675 1380 D.
699 1354 846 1380 Udalrieus
871 1354 934 1380 abb.
960 1354 987 1380 in
1014 1354 1194 1385 Wessobrun,
1223 1355 1292 1388 prof.
1312 1355 1341 1380 in
1370 1355 1532 1389 Tegernsee.
1586 1355 1701 1380 Ioannes
1729 1353 1789 1388 pbr.
1810 1353 1923 1380 ibidem.

629 1396 801 1430 Augustinus
821 1397 880 1430 pbr.
894 1397 928 1423 dc.
947 1396 1110 1423 Ratisbona.
1142 1397 1275 1424 Nieolaus
1295 1398 1353 1431 pbr.
1368 1397 1401 1423 de
1422 1397 1665 1430 Closterneuburg.
1695 1396 1830 1423 Melchior
1849 1396 1925 1430 prior

629 1440 704 1473 apud
724 1440 820 1466 Scotos
840 1439 970 1466 Viennae.
1009 1440 1076 1466 Otto
1095 1449 1136 1466 cv.
1150 1440 1183 1466 de
1202 1440 1317 1467 Metten.
1355 1440 1502 1467 Udalricus
1520 1440 1580 1474 pbr.
1594 1440 1622 1466 in
1642 1439 1751 1466 Gleink.
1787 1440 1924 1466 Henrieus

630 1484 689 1516 pbr.
710 1483 738 1508 in
758 1483 1001 1517 Closterneuburg.
1039 1483 1157 1510 Ioannes
1180 1483 1251 1510 diac.
1271 1484 1300 1510 in
1320 1484 1538 1510 Cremsminster.
1581 1483 1697 1510 Ioannes
1716 1483 1838 1509 Adamus
1862 1483 1923 1516 pbr.

628 1527 663 1553 ad
683 1526 739 1552 Sum
754 1525 923 1552 Florianum.
971 1526 1148 1552 Calcidouius
1173 1526 1231 1559 pbr.
1251 1527 1285 1553 ad
1311 1527 1367 1553 Sum
1382 1527 1585 1553 Emmeramum
1610 1526 1790 1553 Ratisbonae.
1834 1526 1923 1553 Maria

627 1569 820 1595 Maximiliana
839 1569 914 1602 prosa
932 1569 960 1595 in
981 1569 1140 1603 Niderburg
1158 1569 1293 1595 Passavii.

347 1622 380 1647 H.
394 1630 456 1647 non.
511 1622 534 1646 6.
580 1620 633 1646 Ob.
657 1620 819 1646 Haunoldus
847 1620 955 1651 Reiter,
985 1620 1125 1652 quondam
1152 1620 1235 1646 iudex
1263 1623 1290 1647 et
1319 1621 1480 1647 benefactor
1501 1629 1526 1646 n.
1573 1620 1603 1647 D.
1625 1620 1787 1647 Hernandus
1810 1620 1874 1646 abb.
1894 1620 1922 1646 in

629 1663 816 1697 Tcgernseeff)
855 1663 970 1689 Ioannes
990 1663 1049 1696 pbr.
1065 1663 1099 1689 de
1119 1663 1196 1690 Cella
1216 1663 1328 1690 Mariae.
1367 1663 1501 1689 Henricus
1521 1671 1562 1689 cv.
1576 1663 1609 1689 de
1629 1663 1776 1689 Lambaco.
1807 1663 1922 1689 Ioannes

629 1714 670 1731 cv.
685 1705 713 1730 in
734 1705 898 1738 Tegernsee.
937 1705 967 1731 Ι).
982 1705 1161 1732 Sebastianus
1181 1706 1244 1732 abb.
1258 1705 1444 1737 Methensisfi)
1481 1706 1667 1739 Hieronymus
1686 1706 1746 1739 pbr.
1760 1705 1787 1731 in
1802 1706 1922 1739 Tegern-

628 1756 680 1774 see.
714 1748 876 1774 Franciscus
890 1750 918 1775 et
931 1748 1122 1775 Ferdinandus
1140 1750 1201 1783 pbri
1221 1750 1254 1775 de
1268 1749 1486 1776 Cremsminster.
1518 1748 1656 1774 Romanus
1676 1748 1736 1782 pbr.
1749 1748 1783 1774 de
1803 1748 1922 1775 Mansee.

629 1791 737 1817 Primus
763 1791 832 1824 prof.
853 1791 880 1816 in
900 1791 977 1817 Rott.
1024 1791 1208 1818 Corbinianus
1228 1792 1288 1825 pbr.
1311 1792 1346 1818 ad
1365 1791 1461 1818 Scotos
1480 1791 1613 1818 Viennae.
1651 1790 1816 1818 Elisabetha
1836 1792 1923 1818 Bene-

626 1834 701 1860 dicta
733 1834 761 1859 in
795 1834 972 1867 Nidernburg
1004 1834 1138 1861 Passavii.
1194 1834 1359 1862 Benedictus
1403 1834 1462 1868 pbr.
1489 1835 1522 1860 de
1553 1833 1771 1861 Cremsminster.
1823 1834 1923 1860 Petrus

628 1877 688 1910 pbr.
703 1877 816 1903 ibidem.

394 1938 456 1955 non.
510 1930 533 1955 7.
580 1929 631 1955 Ob.
645 1929 749 1955 Paulus
770 1929 828 1962 pbr.
852 1929 884 1954 de
905 1929 1064 1963 Salzburga.
1103 1929 1250 1955 Udalricus
1270 1930 1328 1963 pbr.
1350 1929 1382 1956 de
1402 1929 1472 1955 Attl.
1509 1929 1614 1955 Vitalis
1632 1929 1692 1962 pbr.
1706 1929 1740 1955 de
1758 1928 1861 1955 Altach
1880 1929 1922 1955 In-

626 1972 729 1998 feriori.
779 1972 965 2006 XVolfgangus
995 1972 1055 2006 pbr.
1076 1973 1188 1999 ibidem.
1234 1973 1266 1999 D.
1286 1973 1423 1998 Martinus
1446 1972 1509 1998 abb.
1531 1972 1564 1999 de
1594 1972 1738 2004 Mansee.⁹)
1784 1971 1922 1998 Matthias

628 2015 703 2048 prior
722 2015 750 2040 in
770 2015 932 2048 Tegernsee.
966 2015 1152 2049 NVolfgangus
1173 2015 1232 2049 pbr.
1247 2015 1279 2041 de
1299 2015 1402 2042 Altach
1422 2015 1557 2041 Inferiori.
1595 2014 1730 2048 Georgius
1749 2014 1808 2048 pbr.
1823 2014 1856 2040 de
1870 2015 1923 2041 Ad-

628 2059 714 2083 mont.
746 2058 776 2083 D.
792 2058 894 2092 Algeus
908 2058 1028 2087 Scottus.
1048 2058 1187 2091 quondam
1207 2058 1271 2084 abb.
1285 2058 1320 2084 ad
1340 2058 1395 2084 Sum
1409 2058 1540 2084 Iacobum
1559 2057 1776 2089 Ratisbonae.¹⁰)
1807 2057 1923 2083 Ioannes

627 2100 686 2133 pbr.
707 2100 740 2126 de
760 2100 908 2127 Gottwico.
946 2101 1110 2126 Franciseus
1138 2101 1198 2134 pbr.
1216 2101 1251 2127 ad
1271 2101 1327 2127 Sum
1350 2101 1502 2126 Martinum
1530 2100 1557 2126 in
1583 2100 1736 2126 Pannonia.
1782 2099 1923 2133 Rupertus

627 2143 686 2175 pbr.
702 2142 730 2168 in
745 2143 1009 2177 Weichenstephan.
1042 2144 1153 2169 Maurus
1173 2143 1232 2177 pbr.
1248 2143 1275 2169 in
1289 2144 1504 2170 Cremsminster.
1543 2143 1659 2169 Iacobus
1678 2142 1739 2176 pbr.
1752 2142 1780 2168 in
1800 2142 1922 2169 Florian.

300 2190 374 2217 VIII.
390 2191 426 2217 id.
509 2193 532 2218 S.
579 2193 629 2219 Ob.
648 2194 762 2219 Ioannes
782 2194 815 2220 de
829 2194 964 2229 Augusta,
984 2195 1101 2220 Ioannes
1121 2195 1154 2221 de
1175 2195 1276 2220 Altach
1291 2194 1417 2220 Inferiori
1436 2195 1506 2228 pbri.
1536 2193 1703 2220 Benedictus
1722 2202 1779 2220 acc.
1793 2193 1826 2219 de
1844 2193 1923 2220 Gott-

631 2235 709 2262 wico.
753 2236 945 2271 Sigismundus
971 2237 1032 2271 pbr.
1050 2246 1076 2263 n.
1091 2246 1112 2263 c.
1155 2238 1185 2263 D.
1199 2237 1303 2263 Paulus
1328 2237 1392 2263 abb.
1410 2237 1443 2264 cle
1464 2237 1566 2263 Altach
1590 2236 1762 2269 Infe1·iori.¹²)
1804 2237 1921 2263 Ioannes

629 2278 705 2311 prior
732 2279 766 2306 de
792 2280 908 2306 Metten.
957 2281 1074 2306 Ioannes
1097 2280 1158 2314 pbr.
1178 2280 1289 2306 ibidem.
1338 2279 1494 2313 Exuperius
1514 2280 1574 2313 pbr.
1592 2280 1625 2305 de
1653 2279 1757 2305 Altach
1785 2279 1920 2306 Inferiori.

627 2320 754 2354 Raphael
776 2323 835 2355 pbr.
850 2325 879 2349 et
898 2323 973 2355 prior
992 2323 1019 2348 in
1038 2323 1109 2349 Attl.
1147 2323 1260 2349 Carolus
1279 2323 1340 2356 pbr.
1357 2323 1391 2348 de
1411 2322 1530 2349 Mellico.
1562 2322 1718 2348 Bernardus
1736 2322 1796 2355 pbr.
1810 2322 1921 2348 ibidem.

628 2363 749 2390 Michael
765 2366 824 2398 pbr.
839 2365 866 2391 iu
880 2365 1148 2399 Weichenstephan.
1180 2366 1319 2392 Macarius
1338 2366 1398 2399 pbr.
1412 2365 1441 2391 in
1453 2364 1639 2392 Mallerstorff.
1675 2364 1848 2399 Augustinus
1863 2365 1922 2398 pbr.

629 2406 806 2433 Mellicensis
844 2408 1000 2434 Bernartius
1021 2409 1080 2442 pbr.
1100 2409 1135 2434 ad
1154 2408 1250 2435 Scotos
1269 2408 1403 2435 Viennae.
1441 2408 1623 2441 Ildephonsus
1643 2407 1703 2441 pbr.
1717 2407 1920 2434 Admontensis.

629 2449 762 2483 Iosephus
782 2460 823 2476 cv.
837 2450 948 2477 ibidem.

375 2545 395 2575 ¹)
416 2544 452 2570 H.
468 2553 495 2571 n.
509 2546 540 2578 1.,
560 2547 597 2572 ob.
613 2550 725 2573 cz.1-308.
876 2550 896 2581 ²)
918 2550 962 2575 Ob.
977 2553 1086 2582 a.1634‚
1106 2549 1162 2575 dies
1180 2550 1251 2575 varic
1270 2549 1397 2575 traditur.
1552 2550 1571 2580 ³)
1591 2549 1628 2574 H.
1641 2548 1741 2580 ⁷1.IV.,
1761 2548 1801 2574 ob.
1814 2556 1839 2574 α,
1851 2551 1921 2573 1474.

273 2587 293 2616 ⁴¹)
317 2585 362 2611 Ob.
378 2590 486 2620 a.1648‚
507 2587 560 2614 dies
578 2590 650 2614 ruric
669 2590 797 2617 traditur.
939 2593 959 2625 ⁵)
984 2592 1028 2618 Ob.
1040 2595 1102 2625 post
1121 2601 1146 2619 (ι.
1159 2595 1215 2619 823.
1358 2594 1378 2624 ⁸)
1399 2592 1444 2619 Ob.
1459 2601 1484 2618 α.
1498 2595 1565 2618 1613.
1706 2591 1728 2624 ⁷)
1752 2590 1796 2617 Ob.
1810 2599 1834 2616 α.
1849 2594 1922 2617 1046.

271 2630 292 2660 8)
316 2628 361 2654 Ob.
375 2637 399 2654 a.
414 2633 490 2661 1577,
508 2630 537 2656 (Ic
555 2631 597 2657 die
615 2631 787 2659 dissentiunt.
867 2636 886 2666 ⁹)
911 2634 956 2661 Ob.
971 2644 995 2661 a.
1011 2638 1079 2667 1573,
1099 2634 1142 2660 sed
1160 2638 1189 2661 ut
1208 2635 1312 2661 ¹ridetur
1330 2635 1443 2661 lama).
1525 2636 1556 2667 l⁰)
1579 2634 1622 2660 Ob.
1635 2642 1660 2660 α.
1674 2636 1743 2660 1639.
1822 2634 1854 2666 ¹¹)
1876 2632 1921 2660 Ob.

232 2683 234 2686 ·
271 2679 295 2696 α.
307 2673 376 2697 1585.
