2054 2948
260 98 323 128 452
876 91 1060 118 DIOECESIS
1080 91 1302 118 LENTIENSIS.

620 179 728 209 bona.
759 178 932 219 Rugerus
956 177 1000 209 de
1017 178 1133 209 Lintz.
1164 178 1302 209 Petrus
1323 177 1367 209 de
1383 176 1672 218 Lanczenperig
1687 176 1915 208 submersus.

620 227 756 262 Georgius
778 228 884 255 Pueher
902 228 976 262 pleb.
996 228 1024 254 in
1044 228 1130 255 Wels.

294 277 416 303 VIII.id.
499 277 522 302 6.
568 272 762 303 Michahel
786 276 882 303 m.et
898 282 971 303 sao.
1008 271 1210 303 Gotfridus
1234 282 1275 302 m.
1293 274 1329 302 et
1345 281 1417 303 sae.
1454 271 1657 302 Ditmarus.
1693 270 1915 302 Gerdrudis.

621 323 853 354 Ohunradus.
886 323 1044 354 Weirat.
1083 322 1268 353 Dimudis.
1308 322 1513 353 Dietrieus.
1559 321 1785 354 Leukardis.
1832 321 1914 363 Sig-

620 375 759 406 hardus
795 375 841 406 de
870 375 1078 416 Alharting
1110 374 1208 415 pleb.
1241 374 1277 404 in
1310 372 1585 414 Chempnaten.
1640 372 1820 404 Elizabet
1854 384 1911 404 ux.

619 426 849 457 Miehahelis
874 426 920 457 de
945 425 1197 457 Ottenshaim.

309 483 368 508 VII.
383 482 418 508 id.
503 483 525 508 7.
571 478 610 509 D.
636 478 822 509 Ernestus
844 477 926 508 abb.
949 477 979 508 h.
1006 477 1175 517 domus.¹)
1215 476 1439 508 Chunradus
1462 487 1503 506 m.
1522 479 1559 507 et
1576 486 1647 507 sac.
1687 474 1917 507 Ghunradus

619 532 715 560 m.et
731 539 802 560 sao.
848 528 1077 560 Chunradus
1101 538 1153 559 ev.
1178 528 1222 558 de
1248 527 1443 558 Chremsa.
1486 527 1688 568 Rupertus.
1727 526 1918 557 Elizabet.

621 580 855 611 VValehunus.
890 580 1047 610 Heilka.
1085 579 1289 610 Henrieus.
1328 578 1516 610 Henrieus
1541 578 1677 610 Wider.
1715 577 1915 609 Arnoldus.

619 631 837 672 Irmgardis.
873 630 1220 671 Leupoldusrasor
1236 630 1279 661 de
1299 630 1735 670 Ottenshaim7servitor
1750 640 1779 660 n.
1814 629 1916 660 Hen-

620 683 723 713 rieus
747 682 905 713 Hemerl
935 682 1069 712 fidelis
1099 682 1266 712 servitor
1288 693 1317 712 n.
1348 682 1385 712 in
1408 681 1656 723 Eyttenperg.
1702 686 1735 712 D.
1754 685 1914 719 Stephanus

620 733 753 766 Kreytzer
771 741 826 759 sae.
840 735 868 758 et
888 732 1087 766 prebendarius
1109 741 1133 758 n.

325 780 369 806 VI.
383 780 421 806 id.
505 780 527 806 8.
575 776 758 807 Friderieus
774 776 874 807 Cesar
897 787 938 806 m.
957 779 989 806 et
1005 786 1068 807 sac.
1103 776 1297 806 Walterus
1313 779 1453 806 custos.
1492 775 1697 817 Philippus
1721 776 1866 806 vinitor
1882 786 1912 806 n.

619 827 809 858 Perichta.
857 827 1095 858 chunradus.
1135 827 1355 858 Gerdrudis.
1393 827 1579 868 RugeruS.
1625 827 1841 858 Hertwicus
1865 826 1910 858 de

618 878 787 909 Wienna.
826 878 970 920 Poppo.
1011 878 1194 910 Ortolfus.
1235 879 1461 910 Christinna.
1503 878 1670 910 Oristlinus
1694 878 1871 910 ealefactor
1885 889 1914 909 n.

622 929 829 961 Bernhardue
839 924 1046 961 nobilis‘com.
1060 930 1100 961 de
1110 929 1328 971 Schawnberg
1339 941 1421 961 anno
1430 929 1469 961 Di
1478 934 1537 961 ete.
1554 929 1914 971 <M0OGCO0)LXX111.

336 986 368 1012 V.
383 986 419 1012 id.
499 985 523 1011 9.
569 980 607 1011 D.
633 981 819 1013 winricus
844 981 925 1012 abb.
944 981 988 1012 de
1005 981 1198 1022 Ebraeo.2)
1233 982 1272 1012 D.
1291 981 1517 1012 Chunradus
1533 981 1792 1023 Frisingensis
1810 981 1916 1022 eps.³)

618 1032 826 1064 Dimuedis.
851 1032 1108 1063 WVernhardus
1123 1033 1375 1073 etpatereius
1389 1033 1432 1064 de
1447 1032 1725 1064 Schaunbereh.
1749 1032 1919 1063 Hemma.

620 1083 878 1125 Marquardus.
918 1083 1159 1115 Gebhardus.
1195 1084 1380 1115 Alheidis.
1417 1084 1675 1126 Marquardus.
1711 1084 1916 1125 Pilgrinus.

620 1135 806 1166 Alheidis.
846 1135 1099 1176 Marquardus
1124 1135 1341 1166 Streitwitz.
1381 1136 1536 1167 Ulrieus
1560 1136 1746 1167 Premzer.
1785 1135 1916 1166 Alhei-

620 1187 677 1217 dis
716 1187 800 1217 filia
834 1187 992 1218 Rudolfi
1029 1187 1073 1217 de
1098 1187 1473 1218 Lieehtenwinekel.
1521 1186 1630 1218 Gisla
1665 1198 1723 1218 ux.
1760 1186 1917 1218 Ottonis

620 1238 878 1269 Perehamari.

322 1291 369 1317 IV.
383 1291 419 1318 id.
488 1293 526 1318 10.
574 1290 635 1320 Ob.
650 1290 702 1330 pie
714 1291 868 1320 memorie
882 1300 962 1331 mgr.
977 1290 1146 1329 Iohannes,
1164 1300 1204 1320 m.
1220 1294 1252 1320 et
1268 1301 1331 1321 sae.
1347 1290 1387 1321 de
1401 1290 1588 1331 Sehirfling,
1608 1289 1916 1330 <M000000>LXX.

620 1340 837 1371 Walthorus
854 1352 894 1372 m.
909 1345 945 1372 et
963 1352 1033 1372 sae.
1066 1341 1247 1372 Albertus
1263 1352 1304 1372 m.
1320 1345 1356 1372 et
1373 1352 1442 1372 sae.
1475 1341 1625 1373 Ulricus
1640 1341 1807 1372 Meindel
1824 1351 1865 1372 m.
1881 1344 1918 1372 et

621 1402 692 1422 sac.
725 1392 939 1424 Hel-twinus
957 1403 1006 1423 cv.
1039 1393 1247 1423 Hainrieus
1264 1392 1309 1423 de
1326 1393 1542 1433 Alharting.
1571 1392 1765 1433 Elyzabet.
1795 1392 1915 1424 Chun-

621 1442 744 1474 radus.
773 1443 924 1474 Wentil.
956 1444 1071 1484 Tymo
1090 1444 1134 1475 de
1152 1444 1407 1486 Gumpolting.
1438 1444 1689 1486 Engeldieeh.
1718 1444 1916 1475 Wernhar-

621 1494 698 1525 dus.
733 1495 946 1535 WVilwirgis.
986 1495 1160 1526 Elizabet
1184 1495 1227 1526 de
1244 1496 1471 1527 Piberbaeh.
1512 1495 1663 1527 Ulricus
1688 1496 1732 1527 de
1750 1495 1914 1537 Gelting.

324 1547 370 1573 111.
384 1547 420 1573 id.
488 1549 528 1574 ll.
575 1545 729 1576 Ulrieus
753 1557 793 1577 m.
813 1550 848 1576 et
865 1557 936 1577 sae.
973 1547 1092 1578 Otilia
1108 1551 1228 1578 mater
1245 1547 1462 1578 fundatoris
1485 1547 1521 1577 in
1536 1547 1760 1588 XVilhering.
1796 1547 1916 1578 Ieuta.

620 1597 737 1637 Eppo.
777 1597 972 1628 Perichta.
1011 1597 1209 1638 Elyzabet.
1248 1598 1435 1629 Hem-icus
1452 1598 1496 1628 de
1514 1597 1728 1639 Alharting.
1763 1599 1915 1630 Leutol-

621 1648 688 1679 dus
712 1648 983 1679 Pruesehineh.
1030 1650 1156 1689 Agnes
1185 1649 1229 1680 de
1254 1649 1465 1680 Polnhaim.
1511 1649 1686 1680 Petrissa
1712 1661 1769 1680 ux.
1794 1650 1915 1681 Mein-

620 1699 729 1730 hardi
758 1699 1044 1731 Schondorffer.
1092 1702 1200 1731 Anna
1234 1712 1293 1732 ux.
1329 1701 1557 1732 mereatoris
1592 1702 1627 1731 in
1663 1700 1914 1733 Ottenshaim.

624 1749 810 1783 W'olfgangus
830 1750 1064 1784 Schallenbergor
1084 1752 1130 1776 cfr.
1146 1761 1170 1776 11.

332 1794 367 1819 ΙΙ.
382 1794 417 1820 id.
486 1795 524 1820 12.
571 1792 765 1823 Otakarus
789 1804 861 1824 sac.
898 1794 1098 1824 Ludwieus
1124 1795 1166 1825 de
1187 1795 1395 1826 Altirbach.
1431 1795 1655 1836 Esohpinus.
1687 1795 1917 1827 waltherus.

622 1845 799 1875 0rtolfus
824 1845 868 1875 de
892 1845 1129 1876 Rottenvels.
1176 1846 1328 1877 Uli-icus
1352 1847 1602 1878 Pataviensis
1626 1847 1670 1877 de
1694 1848 1852 1878 Lincza.

380 1896 416 1923 id.
484 1898 522 1923 13.
568 1894 797 1926 Chunradus
825 1896 905 1927 abb.
943 1897 987 1927 de
1019 1897 1304 1939 Alderspaeh.⁴)
1360 1899 1548 1929 Martinus
1583 1909 1633 1930 cv.
1670 1899 1714 1929 de
1745 1899 1918 1932 Wienna.

620 1946 826 1978 Frowinus.
880 1948 1081 1979 Henricus.
1136 1949 1327 1980 Perichta.
1381 1949 1640 1981 Meinhardus.
1694 1949 1915 1992 Gerwirgis.

621 1997 903 2039 Chunegundis.
937 2000 1036 2030 Otto.
1073 2000 1196 2031 Ofmia
1220 2001 1533 2032 Prueschinekin.
1567 2001 1692 2033 Ofmia
1714 2001 1758 2033 de
1782 2002 1916 2033 Truna.

623 2048 847 2081 Chun1·adus
871 2051 1130 2092 Naterupeck.

269 2099 369 2126 XVIII.
384 2100 439 2126 kal.
487 2102 525 2128 14.
572 2099 636 2130 Ob.
662 2100 701 2130 D.
727 2101 946 2133 VValtherus
970 2103 1051 2134 abb.
1078 2104 1106 2134 h.
1132 2103 1247 2143 loei.⁵)
1292 2104 1466 2145 Rugerus
1490 2116 1530 2135 m.
1550 2108 1672 2136 etsae.
1724 2104 1917 2135 Henrieus

622 2162 663 2181 m.
682 2156 717 2182 et
734 2163 805 2183 sae.
822 2153 865 2184 de
884 2154 990 2185 Cella
1007 2156 1241 2195 Angelorum
1259 2155 1383 2186 dietus
1399 2156 1521 2189 Rfitlo.
1553 2157 1694 2187 Petrus
1710 2167 1750 2187 m.
1769 2159 1806 2186 et
1823 2156 1916 2187 diae.

624 2202 840 2234 Hainricus.
872 2205 1066 2236 Periclita.
1099 2207 1297 2237 Arnoldus.
1328 2207 1479 2238 Ulrieus
1500 2207 1683 2238 iuniorde
1701 2207 1916 2238 Polnhaim.

623 2253 845 2286 Gerdrudis.
876 2256 1066 2288 Periehta.
1099 2258 1277 2289 Alheidis
1293 2258 1515 2289 Ruklosinn.
1549 2258 1784 2289 chunradus.
1817 2259 1915 2289 Hen-

625 2305 734 2335 ricus.
781 2305 890 2337 Erbo.
938 2307 1144 2339 Dimuedis.

283 2355 439 2382 XV11.kal.
487 2358 526 2383 15.
573 2354 791 2395 Stephanus
815 2368 855 2388 m.
875 2362 910 2388 et
927 2369 1013 2398 sao„
1038 2360 1225 2400 quondam
1251 2361 1331 2391 abb.
1353 2362 1388 2391 in
1406 2361 1658 2402 XVilheringss)
1696 2360 1916 2392 Friderieus

625 2417 673 2437 ov.
708 2408 899 2439 Arnoldus
923 2411 1017 2450 pleb.
1043 2411 1087 2441 de
1105 2412 1458 2452 Greylnharsteten.
1494 2412 1623 2453 Egeno
1647 2412 1743 2453 pleb.
1780 2412 1914 2443 Alber-

625 2461 692 2488 tus.
739 2459 967 2501 Perngerus.
1014 2462 1298 2504 Chunegundis.
1341 2463 1535 2494 Albertus.
1579 2463 1768 2494 Heni-icus
1791 2466 1915 2494 sartor

624 2519 652 2539 n.
671 2511 844 2541 servitor.
882 2512 1074 2543 Diem-icus
1098 2514 1215 2545 iudex
1241 2520 1277 2545 et
1294 2516 1480 2546 mutarius
1504 2515 1538 2545 in
1556 2514 1658 2545 Ybsa
1683 2514 1789 2545 dedit
1812 2515 1913 2545 vine-

625 2570 679 2590 am
705 2561 739 2591 in
764 2561 957 2594 Baehovia
981 2568 1017 2594 et
1042 2576 1097 2595 ux.
1123 2566 1213 2596 eius.
1261 2566 1457 2597 Serviatur
1481 2567 1696 2597 conventui.

370 2652 389 2682 ¹)
411 2651 459 2676 Ob.
474 2660 499 2677 a.
513 2652 566 2677 inc.
579 2661 645 2679 sace.
661 2654 750 2680 XIII.
857 2657 877 2687 2)
898 2657 942 2682 Ob.
958 2667 984 2682 (ι.
999 2662 1068 2684 1290.
1176 2661 1195 2691 ³)
1219 2659 1302 2685 Forte
1320 2660 1344 2685 le.
1358 2669 1385 2685 u.
1400 2660 1466 2691 III„
1486 2660 1524 2686 ob.
1540 2669 1563 2686 (1.
1579 2663 1652 2686 1322.
1751 2661 1770 2684 ἣ
1793 2659 1827 2684 H.
1844 2667 1868 2684 n.
1884 2658 1916 2690 L,

264 2692 304 2717 ob.
317 2701 342 2718 α.
358 2696 429 2724 1330,
450 2693 505 2719 (lies
525 2696 598 2721 varie
618 2696 742 2723 traditur.
850 2701 870 2730 ⁵)
894 2699 939 2725 Ob.
953 2709 978 2726 a.
992 2704 1061 2726 1366.
1169 2703 1188 2729 ⁶)
1210 2702 1245 2727 H.
1262 2711 1287 2728 n.
1302 2703 1332 2733 L,
1353 2703 1391 2729 ob.
1405 2712 1430 2728 (ι.
1445 2706 1512 2729 1316.
