2054 2948
215 97 253 125 1ss

259 178 318 203 .V11.
332 178 368 203 id.

274 267 320 293 VI.
333 267 370 293 id.

291 314 320 339 V.
334 314 371 340 id.

274 403 320 429 IV.
335 403 371 429 id.

270 451 317 476 III.
331 449 367 476 id.

287 582 320 608 Η.
334 581 371 607 id.

334 670 370 696 id.

224 802 323 828 XVIII.
338 801 392 827 kal.

239 850 325 875 XVII.
339 849 393 874 kal.
440 849 479 874 15.

250 896 322 921 XVI.
336 895 391 921 kal.
438 895 477 921 16.

264 1027 322 1053 XV.
336 1027 392 1053 kal.
438 1027 478 1052 17.

247 1074 321 1100 XIV.
335 1074 391 1099 kal.
438 1073 476 1099 18.

248 1249 324 1275 XIII.
338 1249 393 1275 kal.
439 1249 480 1274 19.

262 1339 322 1364 XII.
336 1339 392 1364 kal.
437 1338 478 1364 20.

276 1428 322 1453 XI.
335 1428 390 1453 kal.
435 1428 476 1454 21.

292 1561 324 1587 X.
337 1561 392 1587 kal.
438 1561 478 1586 22.

278 1651 325 1677 IX.
338 1651 392 1676 kal.
438 1651 479 1677 23.

249 1745 323 1772 VIII.
337 1746 393 1771 kal.
438 1746 478 1771 24.

265 1796 323 1822 ΥΙΙ.
337 1796 393 1821 kal.
438 1796 478 1821 25.

277 1848 322 1873 VI.
336 1847 391 1873 kal.
438 1847 478 1872 2⁴5.

295 2068 325 2094 V.
339 2068 395 2093 kal,
440 2068 472 2093 2?

286 2289 329 2314 IV.
343 2289 399 2314 kal.
443 2289 483 2314 28.

281 2467 399 2493 IlLkal.
444 2468 484 2493 29.

298 2518 330 2543 Π.
344 2518 400 2543 kal.
445 2518 485 2544 30.

437 403 476 429 10.

433 450 474 476 11.

437 581 476 607 12.

437 670 476 696 13.

438 801 478 827 14.

806 86 989 115 DIOECESIS
1007 84 1265 113 PASSAVIENSIS.

520 175 595 202 Petri
615 175 664 201 cvi.
700 173 811 200 Ioannis
829 172 931 199 Stridel
950 173 984 198 de
1002 172 1073 198 Laus
1090 171 1150 198 estis
1166 171 1201 197 ni.
1239 169 1363 196 Heinriei
1384 168 1474 195 villici
1493 168 1632 195 inferioris
1651 168 1679 194 in
1693 167 1862 202 Gumprech-

574 218 644 251 ting.
682 216 797 243 Alberti.
835 215 970 241 Alhaidis.

521 266 576 291 Fris
595 264 718 290 'rhomae
738 263 771 289 de
789 262 891 289 Altach
911 261 1046 287 Inferiori.
1082 259 1207 286 Udalrici
1226 258 1311 285 occisi
1329 258 1358 284 in
1377 258 1489 284 Zwetel.

523 313 554 338 Di
574 310 691 337 Othonis
710 310 785 336 abbis
804 309 831 334 in
851 309 971 340 Ebera.¹)
1009 307 1127 334 Com-adi
1147 307 1214 332 saciS
1233 308 1261 332 et
1281 306 1315 331 mi
1335 306 1368 331 de
1383 305 1563 339 Neunburga.
1600 305 1698 331 Annae
1711 304 1810 339 Seysin
1829 305 1863 331 de

575 353 805 387 Gumprechting.
1529 351 1531 354 ’

522 400 645 427 Heiurici
665 400 707 425 cvi
726 398 796 425 dicti
816 398 895 424 Hezz.

519 448 551 474 Di
571 447 709 473 Wolfkeri
734 446 793 472 deci
813 444 985 470 pataviensis
1005 444 1039 470 de
1058 442 1236 469 Haideudorf.
1278 441 1411 467 Hadmari
1436 442 1502 467 sacis
1522 442 1551 468 et
1568 441 1613 467 mi.
1655 441 1779 467 Heinrici
1797 442 1865 468 saci*3

574 491 603 516 et
624 490 668 515 mi.
705 488 813 515 Alherti
839 487 898 520 pbri
917 487 985 513 dieti
1004 486 1179 512 Morthauser
1202 485 1235 510 de
1254 484 1427 510 Landzhuta.
1464 483 1590 510 Udalrici
1608 484 1693 517 famis,
1720 483 1769 517 qui
1788 484 1864 510 dedit

575 532 654 559 nobis
674 532 746 557 bona
765 540 822 556 sua.
859 529 1019 563 Wolfgangi
1039 528 1128 555 villici
1147 529 1180 554 de
1199 529 1352 561 Azenperg.

522 579 645 606 Heinriei
666 578 779 607 Billich,
807 577 854 610 qui
877 577 955 603 dedit
978 576 1058 602 nobis
1082 575 1207 609 predium
1228 575 1402 609 Wierspaeh.
1439 574 1559 600 Com-adi
1577 574 1682 600 nobilis
1702 574 1736 600 de
1755 574 1864 600 Rotaw.

575 623 678 648 Ieutae.
715 620 843 654 Sophiae.

521 669 552 695 Di
571 669 692 702 Poponis
714 668 790 693 abbis
809 667 837 692 in
857 666 981 693 Inferiori
999 666 1135 698 Altaeh.²)
1177 665 1288 692 Ioannis
1309 665 1514 691 Hochentamer
1533 665 1599 691 sacis
1623 666 1651 691 et
1674 665 1718 697 mi,
1744 664 1819 698 plebi
1839 663 1865 689 Si

574 711 650 738 Petri
677 711 705 736 in
730 709 911 742 Alderspach.
956 708 1082 742 Gregorii
1110 709 1180 734 Ister
1208 708 1274 734 sacis
1300 710 1328 734 et
1353 707 1389 733 mi
1412 707 1516 734 Althae
1543 707 1690 733 Inferioris.
1733 707 1866 734 Heinrici.

574 753 722 780 Gebhardi.
760 752 878 778 Hailkae
898 755 926 778 et
945 751 995 777 filii
1015 751 1074 777 eius
1094 751 1212 777 Alberti.
1641 750 1644 751 ⁷

524 800 667 826 Altmanni
688 800 720 825 de
740 799 847 831 Rotam,
867 798 913 832 qui
935 799 1088 825 Meirhofen
1110 799 1139 831 ¹l2
1159 807 1284 824 mansum
1304 797 1383 824 nobis
1403 797 1487 824 dedit.

524 847 556 873 Di
576 846 708 872 Friderioi
728 846 805 872 ducis
824 846 987 877 Austriae.³)

524 893 649 920 Udalrici
674 893 715 919 cvi
742 892 906 927 praxatoris.
946 892 979 918 Di
1002 892 1146 924 Pastrami,
1175 892 1223 925 qui
1249 891 1277 917 in
1302 891 1398 918 multis
1423 900 1471 917 nos
1497 891 1647 924 promovit:
1677 891 1799 918 dandum
1825 893 1867 918 est

572 936 716 962 servitium
742 936 891 961 conventui
917 944 934 961 a
957 935 1082 961 bursario
1105 937 1133 962 et
1157 935 1240 961 missa
1259 935 1377 961 dicenda
1395 936 1437 960 est
1455 943 1505 968 pro
1524 934 1585 968 ipso
1604 936 1633 961 et
1651 939 1702 960 uxe
1721 942 1753 960 ac
1772 934 1866 961 haere-

574 978 655 1004 dibus
675 978 739 1004 suis.
777 978 889 1011 Georgii
909 978 1046 1004 seratoris.

525 1026 643 1052 Com-adi
663 1026 712 1051 cvi.

522 1073 554 1098 Di
573 1072 735 1098 Volchmari
759 1072 834 1099 abl]is
854 1072 952 1106 Campi
973 1072 1144 1106 Principis.⁴)
1184 1072 1216 1098 Di
1236 1071 1360 1098 Heinrici
1384 1071 1486 1098 nobilis
1510 1072 1543 1098 de
1563 1072 1686 1105 Pseliug,
1711 1072 1867 1098 fundatoris

574 1115 667 1142 Cellae
686 1115 745 1141 Dei.
790 1115 985 1149 Margarethae
1005 1115 1175 1142 Erlbechkin
1200 1115 1264 1141 soriS
1288 1115 1388 1148 prioris
1411 1115 1440 1140 in
1462 1115 1574 1145 Altaeh,
1601 1123 1672 1148 quae
1693 1114 1868 1148 comparavit

574 1158 722 1184 couventui
745 1167 794 1192 pro
814 1158 1003 1184 consolatione
1023 1158 1169 1184 annuatim
1188 1158 1334 1184 servitium
1353 1167 1402 1191 pro
1422 1158 1438 1183 3
1449 1158 1475 1190 β.
1495 1160 1524 1184 et
1545 1158 1576 1185 10
1589 1159 1626 1191 ι).;
1653 1158 1726 1191 quod
1746 1158 1866 1184 dandum

573 1203 615 1227 est
634 1201 662 1226 in
682 1201 752 1227 festo
771 1201 899 1234 Corporis
917 1201 1022 1228 Christi
1044 1210 1059 1227 a
1080 1201 1254 1235 pitantiario.
1291 1201 1387 1227 Annae
1409 1200 1605 1234 procuratricis
1623 1205 1669 1226 nae
1688 1200 1717 1226 in
1734 1200 1834 1227 Strass.

526 1248 557 1274 Di
570 1248 683 1281 Georgii
699 1248 842 1281 Pernpeck
863 1249 958 1275 eecliae
974 1248 1144 1275 pataviensis
1163 1249 1241 1281 pposi
1261 1249 1289 1274 et
1307 1248 1444 1274 officialis.
1482 1248 1643 1274 Perchtoldi
1663 1248 1712 1274 cvi.
1750 1248 1869 1274 Conradi

588 1291 799 1317 Stainhaimerii
813 1291 845 1317 de
860 1291 1002 1317 Purchusa
1015 1291 1100 1317 famis.
1132 1291 1265 1317 Heinrici.
1294 1290 1424 1317 Heinrici.
1454 1290 1632 1317 Cat-harinae.
1663 1291 1868 1324 Margarethae.

524 1338 646 1364 Heinrici
665 1339 732 1364 sacis
751 1341 779 1365 et
798 1339 833 1364 mi
853 1339 886 1365 de
906 1338 1042 1373 Frisinga,
1067 1338 1255 1372 procuratoris
1274 1338 1393 1371 antiqui,
1416 1338 1463 1371 qui
1484 1339 1574 1365 multa
1593 1338 1668 1365 bona
1686 1338 1754 1365 fecit
1773 1333 1869 1364 monio.

575 1380 698 1407 Heinrici
717 1381 766 1407 cvi.
805 1381 941 1407 Perchtae
961 1381 1016 1407 uxis
1037 1381 1159 1408 Heinrici
1178 1381 1229 1407 filii
1251 1381 1393 1407 Paltrami.
1431 1381 1556 1407 Udalrici
1575 1381 1696 1407 sartoris.

522 1428 717 1461 Margarethae
737 1428 793 1453 uxis
811 1428 922 1453 Ioannis
941 1427 1042 1454 iudicis
1061 1428 1095 1454 de
1113 1428 1242 1459 Lohaim,
1268 1437 1339 1461 quae
1358 1428 1533 1462 comparavit
1552 1428 1697 1454 annuatim
1719 1428 1869 1455 conventui

575 1479 624 1503 pro
639 1471 828 1497 consolatione
844 1471 872 1503 Ἢ
886 1472 914 1498 a.
925 1472 948 1505 ὁ.
962 1471 1069 1504 Ratisp.
1081 1479 1130 1504 per
1144 1471 1298 1497 bursarium
1312 1471 1568 1498 ministrandorum.
1594 1471 1747 1505 Witigonis
1758 1471 1869 1498 Plasen-

577 1513 664 1547 prein.
702 1514 876 1540 Leutkardis.

524 1560 622 1595 Eglolfi
642 1561 708 1587 saeis
728 1562 755 1587 et
775 1562 819 1591 mi,
839 1562 955 1588 senioris
974 1562 1000 1587 h.
1015 1562 1039 1588 d.
1077 1561 1188 1588 Ioannis
1208 1561 1351 1587 Kolburstl
1371 1561 1438 1587 sacis
1458 1562 1486 1588 et
1505 1561 1548 1593 mi,
1568 1561 1683 1588 senioris
1703 1561 1730 1587 in
1748 1561 1869 1595 Aspach.

578 1603 771 1637 Margarethae
791 1604 847 1629 uxiS
867 1604 986 1630 Conradi
1005 1604 1115 1638 antiqui
1134 1605 1167 1631 de
1183 1605 1314 1638 Vogloru.
1352 1604 1480 1630 Alhaidis
1499 1605 1584 1630 famis.

525 1650 674 1676 Hermanni
694 1651 832 1683 quondam
852 1652 928 1677 abbis
946 1652 975 1677 in
995 1652 1124 1683 Cikadar,
1145 1651 1170 1678 h.
1186 1651 1313 1678 coenobii
1333 1651 1399 1677 oliui
1417 1651 1500 1685 profi.
1533 1651 1674 1685 Wolfingi.
1706 1651 1870 1678 Weuhardi.

576 1694 715 1720 Richkeri.
752 1694 921 1721 Mechtildis.
959 1694 1148 1721 Elisabethae.

525 1746 617 1772 Iodoci
637 1746 750 1771 senioris
769 1746 797 1771 iu
818 1745 919 1771 Altach
938 1745 1071 1771 Inferiori.
1107 1745 1243 1771 Brunonis
1262 1745 1330 1771 saciS
1350 1747 1378 1771 et
1397 1745 1440 1771 mi.
1478 1745 1629 1772 Tiemudis.
1666 1745 1818 1772 Ger-trudis.

526 1796 671 1822 Adalberti
691 1796 848 1822 archidiaci.

523 1846 579 1872 FriS
598 1847 723 1873 Andreae
743 1847 858 1873 Scherer
877 1848 911 1873 mi
931 1849 959 1873 et
978 1847 1050 1873 diaci
1069 1847 1095 1873 h.
1110 1847 1144 1878 d.‚
1169 1847 1211 1873 ob.
1227 1856 1268 1873 ao.
1284 1847 1314 1873 Di
1330 1848 1404 1873 1585.
1446 1847 1478 1873 Di
1497 1848 1616 1874 Conradi
1635 1848 1870 1882 Ekkhartingarii

576 1890 731 1916 fundatoris
751 1891 876 1924 capellae
896 1890 1040 1916 siloamis
1054 1890 1210 1923 Baptistae,
1231 1898 1280 1923 pro
1300 1899 1353 1923 quo
1374 1890 1470 1916 eadem
1490 1890 1534 1917 die
1551 1891 1726 1917 serviendum
1746 1894 1789 1918 est
1808 1901 1869 1918 con-

577 1933 672 1959 ventui
693 1942 741 1966 pro
758 1934 869 1967 integra
882 1935 911 1959 u.
926 1933 1033 1966 Ratisp.
1048 1933 1075 1958 in
1090 1933 1160 1959 bono
1175 1933 1246 1964 vino,
1265 1933 1358 1959 simila.
1378 1934 1406 1959 et
1424 1933 1557 1967 piscibus,
1578 1936 1606 1960 et
1623 1934 1707 1961 missa
1723 1943 1739 1960 a
1753 1935 1871 1969 singulis

576 1976 766 2001 sacerdotibus
791 1979 831 2002 est
855 1976 972 2002 dicenda
997 1979 1025 2002 et
1049 1985 1065 2001 a
1087 1975 1239 2002 iunioribus
1259 1976 1465 2009 quinquagena.
1504 1977 1534 2002 Di
1555 1976 1689 2003 Friderici
1709 1978 1742 2004 de
1762 1978 1868 2004 Rotaw.

581 2018 702 2044 Hertlini
722 2019 802 2044 fabri.

477 2089 481 2094 .
527 2068 660 2095 Friderici
684 2069 784 2095 militis
808 2070 841 2096 de
862 2070 968 2096 Rotaw.
1004 2071 1036 2096 Di
1057 2070 1190 2096 Ludovici
1211 2070 1360 2096 Gransonis
1380 2071 1509 2102 senioris,
1532 2071 1581 2104 qui
1600 2072 1689 2098 multa
1708 2073 1783 2099 bona.
1802 2073 1871 2100 fecit

579 2111 643 2137 huic
657 2112 760 2137 ecclisse.
793 2112 935 2138 Ger-hardi.
966 2113 1078 2138 Seifridi
1093 2113 1270 2147 Puchperger
1289 2113 1322 2140 de
1339 2113 1532 2146 Wildeustein,
1552 2114 1600 2147 qui
1618 2115 1772 2149 resignavit
1791 2115 1870 2142 nobis

578 2154 606 2179 in
626 2155 755 2180 extremis
779 2155 850 2181 bona
873 2164 923 2181 sua
942 2156 969 2181 in
989 2155 1175 2190 craftholfing
1194 2156 1281 2183 libere
1304 2159 1333 2182 et
1351 2165 1444 2182 omnes
1463 2157 1610 2189 haeredes,
1635 2166 1697 2183 cum
1716 2159 1801 2185 fratre
1821 2168 1870 2186 suo

581 2196 701 2230 Casparo
727 2198 759 2224 de
785 2199 939 2232 Puchperg.
980 2199 1013 2224 Di
1036 2199 1149 2233 Georgii
1174 2199 1368 2233 Aichpergerii
1394 2199 1494 2226 militis
1517 2200 1634 2226 senioris
1659 2201 1692 2227 de
1716 2201 1869 2228 Seldenaw.

581 2239 697 2265 Othonis
717 2241 749 2266 de
769 2240 887 2274 Cleberg
907 2241 975 2267 dict-i
993 2241 1160 2272 Schachner,
1180 2241 1227 2275 qui
1247 2242 1325 2268 dedit
1344 2243 1424 2269 nobis
1444 2243 1614 2269 dextrarium
1633 2243 1744 2269 bonum.

529 2289 560 2315 Di
580 2291 688 2316 Alberti
710 2291 783 2324 plebi
802 2292 834 2317 de
854 2292 1019 2322 Galchweis‚
1040 2293 1105 2318 boni
1124 2293 1150 2318 ni
1170 2293 1266 2324 amici,
1292 2302 1342 2327 pro
1362 2302 1416 2327 quo
1435 2294 1609 2320 serviendum
1628 2297 1670 2321 est
1689 2303 1706 2320 a
1725 2295 1870 2323 cellerario

581 2333 726 2359 conventui
752 2334 779 2359 in
803 2336 922 2366 quatuor
946 2335 1118 2368 temporibus
1142 2336 1207 2361 anni
1226 2344 1334 2369 semper
1352 2345 1401 2370 pro
1421 2337 1453 2364 60
1469 2338 1489 2368 ᾧ,
1510 2341 1538 2363 et
1556 2337 1585 2363 in
1604 2337 1792 2364 anniversario
1811 2338 1871 2365 eius

580 2384 628 2408 pro
651 2376 761 2409 integra
779 2378 808 2402 Ui.
851 2377 936 2402 Missa
959 2377 1075 2403 dicenda
1103 2379 1145 2403 est
1172 2387 1189 2403 a
1215 2378 1333 2411 singulis
1358 2379 1549 2406 sacerdotibus
1577 2382 1605 2406 et
1632 2380 1667 2406 ab
1693 2380 1872 2408 infen'oribus

582 2418 701 2451 legenda
720 2419 925 2452 quinquagena.

529 2468 672 2494 Ger-trudis
692 2470 723 2495 de
743 2470 909 2504 Aitenpach.
949 2471 1065 2505 Agnetis
1085 2472 1118 2498 de
1139 2472 1275 2498 Gutenek.

531 2519 649 2545 Conradi
672 2522 738 2546 sacis
762 2523 789 2547 et
811 2522 855 2547 mi.
891 2522 1041 2548 Liebhardi
1061 2523 1176 2549 senioris
1196 2524 1221 2550 h.
1236 2524 1260 2550 d.
1297 2524 1419 2553 Wiradi,
1443 2525 1602 2557 XVernheri,
1628 2526 1796 2559 Rapotonis,
1823 2527 1869 2553 Al-

581 2562 681 2593 haidis,
699 2563 869 2593 Mechtildis,
889 2565 1016 2590 Alhaidis
1035 2565 1147 2591 famium.
1185 2567 1279 2593 Iacobi
1300 2567 1430 2593 Wallarii
1450 2568 1510 2594 cfris
1528 2569 1562 2594 ni.

330 2687 348 2717 ¹)
372 2686 415 2713 Ob.
429 2697 454 2714 α.
469 2692 543 2715 1385.
650 2691 669 2721 ²)
688 2690 780 2723 Poppo
800 2692 830 2723 1.,
850 2693 887 2717 ob.
901 2702 924 2717 ιι,
941 2696 1010 2718 1229.
1118 2695 1138 2726 ³)
1162 2693 1206 2720 Ob.
1221 2703 1244 2720 a.
1261 2698 1331 2721 1246.
1439 2697 1459 2727 ⁴)
1480 2695 1526 2722 Ob.
1540 2699 1602 2722 ante
1619 2704 1644 2722 α.
1659 2699 1728 2722 1321.
