<?xml version="1.0" encoding="UTF-8"?>
<!DOCTYPE html PUBLIC "-//W3C//DTD XHTML 1.0 Transitional//EN"
    "http://www.w3.org/TR/xhtml1/DTD/xhtml1-transitional.dtd">
<html xmlns="http://www.w3.org/1999/xhtml" xml:lang="en" lang="en">
 <head>
  <title>
</title>
<meta http-equiv="Content-Type" content="text/html;charset=utf-8" />
  <meta name='ocr-system' content='tesseract 3.04.00' />
  <meta name='ocr-capabilities' content='ocr_page ocr_carea ocr_par ocr_line ocrx_word'/>
</head>
<body>
  <div class='ocr_page' id='page_1' title='image "./monumentagenecro04geseuoft_0090.png"; bbox 0 0 2054 2948; ppageno 0'>
   <div class='ocr_carea' id='block_1_1' title="bbox 270 326 412 352">
    <p class='ocr_par' dir='ltr' id='par_1_1' title="bbox 270 326 412 352">
     <span class='ocr_line' id='line_1_1' title="bbox 270 326 412 352; baseline -0.007 0"><span class='ocrx_word' id='word_1_1' title='bbox 270 327 343 352; x_wconf 81' lang='lat' dir='ltr'>Xlll.</span> <span class='ocrx_word' id='word_1_2' title='bbox 357 326 412 352; x_wconf 81' lang='lat' dir='ltr'>kal.</span> 
     </span>
    </p>
   </div>
   <div class='ocr_carea' id='block_1_2' title="bbox 286 461 414 488">
    <p class='ocr_par' dir='ltr' id='par_1_2' title="bbox 286 461 414 488">
     <span class='ocr_line' id='line_1_2' title="bbox 286 461 414 488; baseline -0.016 0"><span class='ocrx_word' id='word_1_3' title='bbox 286 463 344 488; x_wconf 80' lang='lat' dir='ltr'>XII.</span> <span class='ocrx_word' id='word_1_4' title='bbox 360 461 414 487; x_wconf 87' lang='lat' dir='ltr'>kal.</span> 
     </span>
    </p>
   </div>
   <div class='ocr_carea' id='block_1_3' title="bbox 298 641 414 668">
    <p class='ocr_par' dir='ltr' id='par_1_3' title="bbox 298 641 414 668">
     <span class='ocr_line' id='line_1_3' title="bbox 298 641 414 668; baseline 0 -1"><span class='ocrx_word' id='word_1_5' title='bbox 298 642 345 668; x_wconf 79' lang='lat' dir='ltr'>xl.</span> <span class='ocrx_word' id='word_1_6' title='bbox 359 641 414 668; x_wconf 85' lang='lat' dir='ltr'>kal.</span> 
     </span>
    </p>
   </div>
   <div class='ocr_carea' id='block_1_4' title="bbox 314 820 415 846">
    <p class='ocr_par' dir='ltr' id='par_1_4' title="bbox 314 820 415 846">
     <span class='ocr_line' id='line_1_4' title="bbox 314 820 415 846; baseline -0.01 0"><span class='ocrx_word' id='word_1_7' title='bbox 314 821 345 846; x_wconf 82' lang='lat' dir='ltr'>X.</span> <span class='ocrx_word' id='word_1_8' title='bbox 360 820 415 845; x_wconf 80' lang='lat' dir='ltr'>kal.</span> 
     </span>
    </p>
   </div>
   <div class='ocr_carea' id='block_1_5' title="bbox 301 955 416 982">
    <p class='ocr_par' dir='ltr' id='par_1_5' title="bbox 301 955 416 982">
     <span class='ocr_line' id='line_1_5' title="bbox 301 955 416 982; baseline -0.017 0"><span class='ocrx_word' id='word_1_9' title='bbox 301 957 346 982; x_wconf 76' lang='lat' dir='ltr'>lx.</span> <span class='ocrx_word' id='word_1_10' title='bbox 361 955 416 981; x_wconf 76' lang='lat' dir='ltr'>kal.</span> 
     </span>
    </p>
   </div>
   <div class='ocr_carea' id='block_1_6' title="bbox 272 1178 417 1205">
    <p class='ocr_par' dir='ltr' id='par_1_6' title="bbox 272 1178 417 1205">
     <span class='ocr_line' id='line_1_6' title="bbox 272 1178 417 1205; baseline 0 -1"><span class='ocrx_word' id='word_1_11' title='bbox 272 1179 346 1205; x_wconf 61' lang='lat' dir='ltr'>VIII.</span> <span class='ocrx_word' id='word_1_12' title='bbox 361 1178 417 1204; x_wconf 85' lang='lat' dir='ltr'>kal.</span> 
     </span>
    </p>
   </div>
   <div class='ocr_carea' id='block_1_7' title="bbox 291 1443 418 1470">
    <p class='ocr_par' dir='ltr' id='par_1_7' title="bbox 291 1443 418 1470">
     <span class='ocr_line' id='line_1_7' title="bbox 291 1443 418 1470; baseline -0.008 0"><span class='ocrx_word' id='word_1_13' title='bbox 291 1444 348 1470; x_wconf 78' lang='lat' dir='ltr'>Vll.</span> <span class='ocrx_word' id='word_1_14' title='bbox 363 1443 418 1469; x_wconf 84' lang='lat' dir='ltr'>kal.</span> 
     </span>
    </p>
   </div>
   <div class='ocr_carea' id='block_1_8' title="bbox 303 1667 418 1692">
    <p class='ocr_par' dir='ltr' id='par_1_8' title="bbox 303 1667 418 1692">
     <span class='ocr_line' id='line_1_8' title="bbox 303 1667 418 1692; baseline 0 0"><span class='ocrx_word' id='word_1_15' title='bbox 303 1667 349 1692; x_wconf 68' lang='lat' dir='ltr'>w.</span> <span class='ocrx_word' id='word_1_16' title='bbox 363 1667 418 1692; x_wconf 75' lang='lat' dir='ltr'>kal.</span> 
     </span>
    </p>
   </div>
   <div class='ocr_carea' id='block_1_9' title="bbox 323 1889 421 1915">
    <p class='ocr_par' dir='ltr' id='par_1_9' title="bbox 323 1889 421 1915">
     <span class='ocr_line' id='line_1_9' title="bbox 323 1889 421 1915; baseline 0.01 -1"><span class='ocrx_word' id='word_1_17' title='bbox 323 1891 352 1915; x_wconf 71' lang='lat' dir='ltr'>V.</span> <span class='ocrx_word' id='word_1_18' title='bbox 365 1889 421 1915; x_wconf 81' lang='lat' dir='ltr'>kal.</span> 
     </span>
    </p>
   </div>
   <div class='ocr_carea' id='block_1_10' title="bbox 310 2111 424 2138">
    <p class='ocr_par' dir='ltr' id='par_1_10' title="bbox 310 2111 424 2138">
     <span class='ocr_line' id='line_1_10' title="bbox 310 2111 424 2138; baseline 0 -1"><span class='ocrx_word' id='word_1_19' title='bbox 310 2112 354 2138; x_wconf 75' lang='lat' dir='ltr'>IV.</span> <span class='ocrx_word' id='word_1_20' title='bbox 369 2111 424 2137; x_wconf 79' lang='lat' dir='ltr'>kal.</span> 
     </span>
    </p>
   </div>
   <div class='ocr_carea' id='block_1_11' title="bbox 313 2333 428 2359">
    <p class='ocr_par' dir='ltr' id='par_1_11' title="bbox 313 2333 428 2359">
     <span class='ocr_line' id='line_1_11' title="bbox 313 2333 428 2359; baseline -0.009 -1"><span class='ocrx_word' id='word_1_21' title='bbox 313 2334 360 2359; x_wconf 86' lang='lat' dir='ltr'>Ill.</span> <span class='ocrx_word' id='word_1_22' title='bbox 374 2333 428 2358; x_wconf 78' lang='lat' dir='ltr'>kal.</span> 
     </span>
    </p>
   </div>
   <div class='ocr_carea' id='block_1_12' title="bbox 458 325 498 350">
    <p class='ocr_par' dir='ltr' id='par_1_12' title="bbox 458 325 498 350">
     <span class='ocr_line' id='line_1_12' title="bbox 458 325 498 350; baseline 0 0"><span class='ocrx_word' id='word_1_23' title='bbox 458 325 498 350; x_wconf 77' lang='lat'>20.</span> 
     </span>
    </p>
   </div>
   <div class='ocr_carea' id='block_1_13' title="bbox 459 460 500 485">
    <p class='ocr_par' dir='ltr' id='par_1_13' title="bbox 459 460 500 485">
     <span class='ocr_line' id='line_1_13' title="bbox 459 460 500 485; baseline 0 0"><span class='ocrx_word' id='word_1_24' title='bbox 459 460 500 485; x_wconf 68' lang='lat'>21.</span> 
     </span>
    </p>
   </div>
   <div class='ocr_carea' id='block_1_14' title="bbox 462 956 502 980">
    <p class='ocr_par' dir='ltr' id='par_1_14' title="bbox 462 956 502 980">
     <span class='ocr_line' id='line_1_14' title="bbox 462 956 502 980; baseline 0 0"><span class='ocrx_word' id='word_1_25' title='bbox 462 956 502 980; x_wconf 75' lang='lat'>⁴24.</span> 
     </span>
    </p>
   </div>
   <div class='ocr_carea' id='block_1_15' title="bbox 462 1177 502 1203">
    <p class='ocr_par' dir='ltr' id='par_1_15' title="bbox 462 1177 502 1203">
     <span class='ocr_line' id='line_1_15' title="bbox 462 1177 502 1203; baseline 0.025 -1"><span class='ocrx_word' id='word_1_26' title='bbox 462 1177 502 1203; x_wconf 73' lang='lat'>25.</span> 
     </span>
    </p>
   </div>
   <div class='ocr_carea' id='block_1_16' title="bbox 464 1443 505 1469">
    <p class='ocr_par' dir='ltr' id='par_1_16' title="bbox 464 1443 505 1469">
     <span class='ocr_line' id='line_1_16' title="bbox 464 1443 505 1469; baseline 0 -1"><span class='ocrx_word' id='word_1_27' title='bbox 464 1443 505 1469; x_wconf 75' lang='lat'>26.</span> 
     </span>
    </p>
   </div>
   <div class='ocr_carea' id='block_1_17' title="bbox 468 1889 508 1915">
    <p class='ocr_par' dir='ltr' id='par_1_17' title="bbox 468 1889 508 1915">
     <span class='ocr_line' id='line_1_17' title="bbox 468 1889 508 1915; baseline 0 0"><span class='ocrx_word' id='word_1_28' title='bbox 468 1889 508 1915; x_wconf 68' lang='lat'>⁶28.</span> 
     </span>
    </p>
   </div>
   <div class='ocr_carea' id='block_1_18' title="bbox 469 2111 509 2136">
    <p class='ocr_par' dir='ltr' id='par_1_18' title="bbox 469 2111 509 2136">
     <span class='ocr_line' id='line_1_18' title="bbox 469 2111 509 2136; baseline 0.025 -1"><span class='ocrx_word' id='word_1_29' title='bbox 469 2111 509 2136; x_wconf 79' lang='lat'>29.</span> 
     </span>
    </p>
   </div>
   <div class='ocr_carea' id='block_1_19' title="bbox 473 2332 514 2358">
    <p class='ocr_par' dir='ltr' id='par_1_19' title="bbox 473 2332 514 2358">
     <span class='ocr_line' id='line_1_19' title="bbox 473 2332 514 2358; baseline 0.073 -3"><span class='ocrx_word' id='word_1_30' title='bbox 473 2332 514 2358; x_wconf 75' lang='lat'>30.</span> 
     </span>
    </p>
   </div>
   <div class='ocr_carea' id='block_1_20' title="bbox 830 94 1292 124">
    <p class='ocr_par' dir='ltr' id='par_1_20' title="bbox 830 94 1292 124">
     <span class='ocr_line' id='line_1_20' title="bbox 830 94 1292 124; baseline -0.009 0"><span class='ocrx_word' id='word_1_31' title='bbox 830 97 1012 124; x_wconf 86' lang='lat' dir='ltr'>DIOECESIS</span> <span class='ocrx_word' id='word_1_32' title='bbox 1031 94 1292 123; x_wconf 81' lang='lat' dir='ltr'>PASSAVIENSIS.</span> 
     </span>
    </p>
   </div>
   <div class='ocr_carea' id='block_1_21' title="bbox 595 176 1888 301">
    <p class='ocr_par' dir='ltr' id='par_1_21' title="bbox 595 176 1888 301">
     <span class='ocr_line' id='line_1_21' title="bbox 597 176 1888 220; baseline -0.006 -8"><span class='ocrx_word' id='word_1_33' title='bbox 597 186 717 212; x_wconf 79' lang='lat' dir='ltr'><strong>Thomas</strong></span> <span class='ocrx_word' id='word_1_34' title='bbox 736 185 816 211; x_wconf 84' lang='lat' dir='ltr'>Emer</span> <span class='ocrx_word' id='word_1_35' title='bbox 840 184 901 218; x_wconf 87' lang='lat' dir='ltr'>pbr.</span> <span class='ocrx_word' id='word_1_36' title='bbox 921 185 949 210; x_wconf 80' lang='lat' dir='ltr'>et</span> <span class='ocrx_word' id='word_1_37' title='bbox 972 191 1031 209; x_wconf 82' lang='lat' dir='ltr'>ean.</span> <span class='ocrx_word' id='word_1_38' title='bbox 1050 183 1078 208; x_wconf 90' lang='lat' dir='ltr'>in</span> <span class='ocrx_word' id='word_1_39' title='bbox 1098 181 1180 207; x_wconf 88' lang='lat' dir='ltr'>Rohr.</span> <span class='ocrx_word' id='word_1_40' title='bbox 1224 180 1253 206; x_wconf 89' lang='lat' dir='ltr'>P.</span> <span class='ocrx_word' id='word_1_41' title='bbox 1268 179 1454 220; x_wconf 79' lang='lat' dir='ltr'>Wolfgangus</span> <span class='ocrx_word' id='word_1_42' title='bbox 1480 179 1509 204; x_wconf 83' lang='lat' dir='ltr'>et</span> <span class='ocrx_word' id='word_1_43' title='bbox 1531 177 1564 203; x_wconf 89' lang='lat' dir='ltr'>fr.</span> <span class='ocrx_word' id='word_1_44' title='bbox 1577 176 1684 208; x_wconf 86' lang='lat' dir='ltr'>Simon,</span> <span class='ocrx_word' id='word_1_45' title='bbox 1714 177 1840 211; x_wconf 73' lang='lat' dir='ltr'>hospites</span> <span class='ocrx_word' id='word_1_46' title='bbox 1858 178 1888 204; x_wconf 87' lang='lat' dir='ltr'>in</span> 
     </span>
     <span class='ocr_line' id='line_1_22' title="bbox 597 219 1887 255; baseline -0.006 0"><span class='ocrx_word' id='word_1_47' title='bbox 597 227 836 255; x_wconf 76' lang='lat' dir='ltr'>Raittenhaslach.</span> <span class='ocrx_word' id='word_1_48' title='bbox 874 227 903 252; x_wconf 92' lang='lat' dir='ltr'>P.</span> <span class='ocrx_word' id='word_1_49' title='bbox 917 226 1031 253; x_wconf 84' lang='lat' dir='ltr'>Carolus</span> <span class='ocrx_word' id='word_1_50' title='bbox 1050 225 1078 251; x_wconf 88' lang='lat' dir='ltr'>in</span> <span class='ocrx_word' id='word_1_51' title='bbox 1101 225 1174 250; x_wconf 73' lang='lat' dir='ltr'>Rott.</span> <span class='ocrx_word' id='word_1_52' title='bbox 1212 223 1244 248; x_wconf 88' lang='lat' dir='ltr'>P.</span> <span class='ocrx_word' id='word_1_53' title='bbox 1261 222 1382 248; x_wconf 81' lang='lat' dir='ltr'><strong>Basilius</strong></span> <span class='ocrx_word' id='word_1_54' title='bbox 1402 221 1497 254; x_wconf 88' lang='lat' dir='ltr'>Ollges</span> <span class='ocrx_word' id='word_1_55' title='bbox 1521 219 1611 247; x_wconf 87' lang='lat' dir='ltr'>senior</span> <span class='ocrx_word' id='word_1_56' title='bbox 1633 220 1669 246; x_wconf 83' lang='lat' dir='ltr'>ad</span> <span class='ocrx_word' id='word_1_57' title='bbox 1688 220 1745 246; x_wconf 77' lang='lat' dir='ltr'>Sum</span> <span class='ocrx_word' id='word_1_58' title='bbox 1764 221 1887 247; x_wconf 86' lang='lat' dir='ltr'>Petrum.</span> 
     </span>
     <span class='ocr_line' id='line_1_23' title="bbox 595 263 1422 301; baseline -0.01 -4"><span class='ocrx_word' id='word_1_59' title='bbox 595 271 728 301; x_wconf 77' lang='lat' dir='ltr'>Susanna,</span> <span class='ocrx_word' id='word_1_60' title='bbox 748 269 882 296; x_wconf 86' lang='lat' dir='ltr'>Theresia</span> <span class='ocrx_word' id='word_1_61' title='bbox 901 268 1026 301; x_wconf 83' lang='lat' dir='ltr'>Mayerin</span> <span class='ocrx_word' id='word_1_62' title='bbox 1047 267 1158 293; x_wconf 71' lang='lat' dir='ltr'>smonles</span> <span class='ocrx_word' id='word_1_63' title='bbox 1177 266 1204 291; x_wconf 89' lang='lat' dir='ltr'>in</span> <span class='ocrx_word' id='word_1_64' title='bbox 1226 263 1422 297; x_wconf 78' lang='lat' dir='ltr'>Nidernburg.]</span> 
     </span>
    </p>
   </div>
   <div class='ocr_carea' id='block_1_22' title="bbox 544 313 1887 441">
    <p class='ocr_par' dir='ltr' id='par_1_22' title="bbox 544 313 1887 441">
     <span class='ocr_line' id='line_1_24' title="bbox 544 313 1886 354; baseline -0.007 -5"><span class='ocrx_word' id='word_1_65' title='bbox 544 322 705 349; x_wconf 78' lang='lat' dir='ltr'>Matthaeus</span> <span class='ocrx_word' id='word_1_66' title='bbox 732 321 790 354; x_wconf 91' lang='lat' dir='ltr'>pbr.</span> <span class='ocrx_word' id='word_1_67' title='bbox 811 322 839 346; x_wconf 90' lang='lat' dir='ltr'>et</span> <span class='ocrx_word' id='word_1_68' title='bbox 864 329 899 345; x_wconf 91' lang='lat' dir='ltr'>m.</span> <span class='ocrx_word' id='word_1_69' title='bbox 919 319 946 345; x_wconf 92' lang='lat' dir='ltr'>in</span> <span class='ocrx_word' id='word_1_70' title='bbox 968 318 1133 345; x_wconf 86' lang='lat' dir='ltr'>Formbach.</span> <span class='ocrx_word' id='word_1_71' title='bbox 1181 315 1327 342; x_wconf 83' lang='lat' dir='ltr'>Riehardis</span> <span class='ocrx_word' id='word_1_72' title='bbox 1355 317 1384 341; x_wconf 85' lang='lat' dir='ltr'>et</span> <span class='ocrx_word' id='word_1_73' title='bbox 1406 313 1560 341; x_wconf 82' lang='lat' dir='ltr'>Catharina</span> <span class='ocrx_word' id='word_1_74' title='bbox 1582 313 1829 347; x_wconf 87' lang='lat' dir='ltr'>Poppenpergerin</span> <span class='ocrx_word' id='word_1_75' title='bbox 1853 314 1886 340; x_wconf 72' lang='lat'>1⁰.</span> 
     </span>
     <span class='ocr_line' id='line_1_25' title="bbox 597 356 1887 398; baseline -0.007 -7"><span class='ocrx_word' id='word_1_76' title='bbox 597 364 755 398; x_wconf 76' lang='lat' dir='ltr'>Stephanus</span> <span class='ocrx_word' id='word_1_77' title='bbox 781 363 915 397; x_wconf 85' lang='lat' dir='ltr'>Biperger</span> <span class='ocrx_word' id='word_1_78' title='bbox 941 372 965 387; x_wconf 90' lang='lat' dir='ltr'>n.</span> <span class='ocrx_word' id='word_1_79' title='bbox 987 370 1009 387; x_wconf 87' lang='lat' dir='ltr'>c.</span> <span class='ocrx_word' id='word_1_80' title='bbox 1030 361 1089 394; x_wconf 87' lang='lat' dir='ltr'>pbr.</span> <span class='ocrx_word' id='word_1_81' title='bbox 1111 362 1139 385; x_wconf 82' lang='lat' dir='ltr'>et</span> <span class='ocrx_word' id='word_1_82' title='bbox 1164 369 1198 385; x_wconf 89' lang='lat' dir='ltr'>m.</span> <span class='ocrx_word' id='word_1_83' title='bbox 1245 358 1337 384; x_wconf 86' lang='lat' dir='ltr'>Simon</span> <span class='ocrx_word' id='word_1_84' title='bbox 1364 357 1540 390; x_wconf 73' lang='lat' dir='ltr'>Kiirchmayr</span> <span class='ocrx_word' id='word_1_85' title='bbox 1566 356 1643 390; x_wconf 89' lang='lat' dir='ltr'>prior</span> <span class='ocrx_word' id='word_1_86' title='bbox 1669 356 1698 382; x_wconf 91' lang='lat' dir='ltr'>in</span> <span class='ocrx_word' id='word_1_87' title='bbox 1724 356 1887 383; x_wconf 82' lang='lat' dir='ltr'>Novacella.</span> 
     </span>
     <span class='ocr_line' id='line_1_26' title="bbox 597 399 1783 441; baseline -0.008 -8"><span class='ocrx_word' id='word_1_88' title='bbox 597 408 640 441; x_wconf 91' lang='lat' dir='ltr'>[D.</span> <span class='ocrx_word' id='word_1_89' title='bbox 654 407 841 440; x_wconf 84' lang='lat' dir='ltr'>Wolsgangus</span> <span class='ocrx_word' id='word_1_90' title='bbox 860 405 968 438; x_wconf 80' lang='lat' dir='ltr'>Stingel</span> <span class='ocrx_word' id='word_1_91' title='bbox 988 404 1051 430; x_wconf 84' lang='lat' dir='ltr'>abb.</span> <span class='ocrx_word' id='word_1_92' title='bbox 1066 403 1094 429; x_wconf 87' lang='lat' dir='ltr'>in</span> <span class='ocrx_word' id='word_1_93' title='bbox 1113 401 1301 433; x_wconf 83' lang='lat' dir='ltr'>Formbach.¹)</span> <span class='ocrx_word' id='word_1_94' title='bbox 1338 400 1367 426; x_wconf 90' lang='lat' dir='ltr'>P.</span> <span class='ocrx_word' id='word_1_95' title='bbox 1382 399 1531 434; x_wconf 75' lang='lat' dir='ltr'>Gregorius</span> <span class='ocrx_word' id='word_1_96' title='bbox 1550 400 1630 433; x_wconf 83' lang='lat' dir='ltr'>Mayr</span> <span class='ocrx_word' id='word_1_97' title='bbox 1648 399 1678 425; x_wconf 90' lang='lat' dir='ltr'>in</span> <span class='ocrx_word' id='word_1_98' title='bbox 1696 399 1783 432; x_wconf 57' lang='lat' dir='ltr'>Rom]</span> 
     </span>
    </p>
   </div>
   <div class='ocr_carea' id='block_1_23' title="bbox 547 450 1888 618">
    <p class='ocr_par' dir='ltr' id='par_1_23' title="bbox 547 450 1888 618">
     <span class='ocr_line' id='line_1_27' title="bbox 547 450 1887 491; baseline -0.005 -8"><span class='ocrx_word' id='word_1_99' title='bbox 547 457 732 491; x_wconf 84' lang='lat' dir='ltr'>Wolfgangus</span> <span class='ocrx_word' id='word_1_100' title='bbox 751 456 815 482; x_wconf 84' lang='lat' dir='ltr'>abb.</span> <span class='ocrx_word' id='word_1_101' title='bbox 830 455 857 481; x_wconf 91' lang='lat' dir='ltr'>in</span> <span class='ocrx_word' id='word_1_102' title='bbox 870 454 1089 487; x_wconf 78' lang='lat' dir='ltr'>Weltenburg.²)</span> <span class='ocrx_word' id='word_1_103' title='bbox 1127 452 1268 478; x_wconf 85' lang='lat' dir='ltr'>Couradus</span> <span class='ocrx_word' id='word_1_104' title='bbox 1282 451 1343 485; x_wconf 86' lang='lat' dir='ltr'>pbr.</span> <span class='ocrx_word' id='word_1_105' title='bbox 1380 451 1521 477; x_wconf 76' lang='lat' dir='ltr'>Conradus</span> <span class='ocrx_word' id='word_1_106' title='bbox 1534 451 1657 477; x_wconf 86' lang='lat' dir='ltr'>subdiac.</span> <span class='ocrx_word' id='word_1_107' title='bbox 1696 450 1738 484; x_wconf 89' lang='lat' dir='ltr'>[D.</span> <span class='ocrx_word' id='word_1_108' title='bbox 1753 450 1887 484; x_wconf 85' lang='lat' dir='ltr'>Georgius</span> 
     </span>
     <span class='ocr_line' id='line_1_28' title="bbox 595 493 1887 532; baseline -0.005 -6"><span class='ocrx_word' id='word_1_109' title='bbox 595 500 778 532; x_wconf 78' lang='lat' dir='ltr'>Hieronymus</span> <span class='ocrx_word' id='word_1_110' title='bbox 797 498 860 524; x_wconf 82' lang='lat' dir='ltr'>abb.</span> <span class='ocrx_word' id='word_1_111' title='bbox 875 496 1122 527; x_wconf 76' lang='lat' dir='ltr'>Lunaelacensis.³)</span> <span class='ocrx_word' id='word_1_112' title='bbox 1159 494 1281 521; x_wconf 76' lang='lat' dir='ltr'>Michael</span> <span class='ocrx_word' id='word_1_113' title='bbox 1300 494 1436 528; x_wconf 82' lang='lat' dir='ltr'>supprior.</span> <span class='ocrx_word' id='word_1_114' title='bbox 1474 494 1644 527; x_wconf 80' lang='lat' dir='ltr'>Stephanus,</span> <span class='ocrx_word' id='word_1_115' title='bbox 1664 493 1797 524; x_wconf 83' lang='lat' dir='ltr'>Thomas,</span> <span class='ocrx_word' id='word_1_116' title='bbox 1822 493 1887 520; x_wconf 85' lang='lat' dir='ltr'>Leo-</span> 
     </span>
     <span class='ocr_line' id='line_1_29' title="bbox 596 535 1888 577; baseline -0.006 -8"><span class='ocrx_word' id='word_1_117' title='bbox 596 543 706 577; x_wconf 80' lang='lat' dir='ltr'>poldus,</span> <span class='ocrx_word' id='word_1_118' title='bbox 733 540 893 575; x_wconf 79' lang='lat' dir='ltr'>Gregorius,</span> <span class='ocrx_word' id='word_1_119' title='bbox 921 539 1103 572; x_wconf 81' lang='lat' dir='ltr'>Hieronymus</span> <span class='ocrx_word' id='word_1_120' title='bbox 1126 538 1186 571; x_wconf 88' lang='lat' dir='ltr'>pbri</span> <span class='ocrx_word' id='word_1_121' title='bbox 1206 539 1234 563; x_wconf 76' lang='lat' dir='ltr'>et</span> <span class='ocrx_word' id='word_1_122' title='bbox 1257 537 1292 562; x_wconf 74' lang='lat' dir='ltr'>mi</span> <span class='ocrx_word' id='word_1_123' title='bbox 1311 536 1424 563; x_wconf 85' lang='lat' dir='ltr'>ibidem.</span> <span class='ocrx_word' id='word_1_124' title='bbox 1461 536 1490 562; x_wconf 93' lang='lat' dir='ltr'>P.</span> <span class='ocrx_word' id='word_1_125' title='bbox 1505 536 1672 562; x_wconf 82' lang='lat' dir='ltr'>Benedictus</span> <span class='ocrx_word' id='word_1_126' title='bbox 1691 535 1842 568; x_wconf 85' lang='lat' dir='ltr'>Frnemayr</span> <span class='ocrx_word' id='word_1_127' title='bbox 1860 535 1888 561; x_wconf 93' lang='lat' dir='ltr'>in</span> 
     </span>
     <span class='ocr_line' id='line_1_30' title="bbox 596 579 1463 618; baseline -0.008 -7"><span class='ocrx_word' id='word_1_128' title='bbox 596 585 735 618; x_wconf 78' lang='lat' dir='ltr'>Prfifling.</span> <span class='ocrx_word' id='word_1_129' title='bbox 771 583 861 609; x_wconf 84' lang='lat' dir='ltr'>Maria</span> <span class='ocrx_word' id='word_1_130' title='bbox 880 582 966 608; x_wconf 78' lang='lat' dir='ltr'>Gisila</span> <span class='ocrx_word' id='word_1_131' title='bbox 987 581 1086 608; x_wconf 84' lang='lat' dir='ltr'>Kastin</span> <span class='ocrx_word' id='word_1_132' title='bbox 1107 589 1157 606; x_wconf 84' lang='lat' dir='ltr'>sor.</span> <span class='ocrx_word' id='word_1_133' title='bbox 1172 581 1197 606; x_wconf 76' lang='lat' dir='ltr'>la</span> <span class='ocrx_word' id='word_1_134' title='bbox 1216 580 1244 605; x_wconf 91' lang='lat' dir='ltr'>in</span> <span class='ocrx_word' id='word_1_135' title='bbox 1265 579 1463 613; x_wconf 81' lang='lat' dir='ltr'>Nidernburg.]</span> 
     </span>
    </p>
   </div>
   <div class='ocr_carea' id='block_1_24' title="bbox 477 630 1890 672">
    <p class='ocr_par' dir='ltr' id='par_1_24' title="bbox 477 630 1890 672">
     <span class='ocr_line' id='line_1_31' title="bbox 477 630 1890 672; baseline -0.006 -7"><span class='ocrx_word' id='word_1_136' title='bbox 477 648 483 652; x_wconf 92' lang='lat'>·</span> <span class='ocrx_word' id='word_1_137' title='bbox 496 661 500 665; x_wconf 95' lang='lat'>.</span> <span class='ocrx_word' id='word_1_138' title='bbox 545 637 717 672; x_wconf 76' lang='lat' dir='ltr'>Augustinus</span> <span class='ocrx_word' id='word_1_139' title='bbox 730 636 791 669; x_wconf 97' lang='lat' dir='ltr'>pbr.</span> <span class='ocrx_word' id='word_1_140' title='bbox 805 636 833 660; x_wconf 78' lang='lat' dir='ltr'>et</span> <span class='ocrx_word' id='word_1_141' title='bbox 846 644 881 660; x_wconf 90' lang='lat' dir='ltr'>m.</span> <span class='ocrx_word' id='word_1_142' title='bbox 896 634 924 659; x_wconf 90' lang='lat' dir='ltr'>in</span> <span class='ocrx_word' id='word_1_143' title='bbox 938 632 1143 660; x_wconf 79' lang='lat' dir='ltr'>Reiohenbach.</span> <span class='ocrx_word' id='word_1_144' title='bbox 1176 631 1325 658; x_wconf 84' lang='lat' dir='ltr'>Henericus</span> <span class='ocrx_word' id='word_1_145' title='bbox 1338 640 1364 656; x_wconf 89' lang='lat' dir='ltr'>n.</span> <span class='ocrx_word' id='word_1_146' title='bbox 1376 639 1398 657; x_wconf 86' lang='lat' dir='ltr'>c.</span> <span class='ocrx_word' id='word_1_147' title='bbox 1410 639 1450 657; x_wconf 85' lang='lat' dir='ltr'>cv.</span> <span class='ocrx_word' id='word_1_148' title='bbox 1482 630 1521 664; x_wconf 89' lang='lat' dir='ltr'>[P.</span> <span class='ocrx_word' id='word_1_149' title='bbox 1534 630 1652 657; x_wconf 84' lang='lat' dir='ltr'>Ioannes</span> <span class='ocrx_word' id='word_1_150' title='bbox 1665 630 1694 656; x_wconf 91' lang='lat' dir='ltr'>in</span> <span class='ocrx_word' id='word_1_151' title='bbox 1708 630 1890 664; x_wconf 84' lang='lat' dir='ltr'>Alderspach.</span> 
     </span>
    </p>
   </div>
   <div class='ocr_carea' id='block_1_25' title="bbox 548 672 1891 933">
    <p class='ocr_par' dir='ltr' id='par_1_25' title="bbox 598 672 1890 793">
     <span class='ocr_line' id='line_1_32' title="bbox 599 672 1890 711; baseline -0.006 -5"><span class='ocrx_word' id='word_1_152' title='bbox 599 681 628 706; x_wconf 91' lang='lat' dir='ltr'>D.</span> <span class='ocrx_word' id='word_1_153' title='bbox 644 679 778 705; x_wconf 82' lang='lat' dir='ltr'>Iohannes</span> <span class='ocrx_word' id='word_1_154' title='bbox 797 678 901 711; x_wconf 88' lang='lat' dir='ltr'>Dayser</span> <span class='ocrx_word' id='word_1_155' title='bbox 924 676 988 702; x_wconf 86' lang='lat' dir='ltr'>abb.</span> <span class='ocrx_word' id='word_1_156' title='bbox 1007 675 1042 701; x_wconf 84' lang='lat' dir='ltr'>ad</span> <span class='ocrx_word' id='word_1_157' title='bbox 1061 675 1116 700; x_wconf 77' lang='lat' dir='ltr'>Sum</span> <span class='ocrx_word' id='word_1_158' title='bbox 1137 674 1344 706; x_wconf 75' lang='lat' dir='ltr'>Salvat01·en1.⁴)</span> <span class='ocrx_word' id='word_1_159' title='bbox 1382 673 1411 700; x_wconf 90' lang='lat' dir='ltr'>P.</span> <span class='ocrx_word' id='word_1_160' title='bbox 1427 673 1549 700; x_wconf 80' lang='lat' dir='ltr'>Andreas</span> <span class='ocrx_word' id='word_1_161' title='bbox 1568 673 1694 699; x_wconf 90' lang='lat' dir='ltr'>Brunner</span> <span class='ocrx_word' id='word_1_162' title='bbox 1712 672 1841 706; x_wconf 86' lang='lat' dir='ltr'>supprior</span> <span class='ocrx_word' id='word_1_163' title='bbox 1860 672 1890 698; x_wconf 88' lang='lat' dir='ltr'>in</span> 
     </span>
     <span class='ocr_line' id='line_1_33' title="bbox 598 715 1890 754; baseline -0.005 -6"><span class='ocrx_word' id='word_1_164' title='bbox 598 723 694 754; x_wconf 84' lang='lat' dir='ltr'>Beyrn.</span> <span class='ocrx_word' id='word_1_165' title='bbox 732 721 763 747; x_wconf 91' lang='lat' dir='ltr'>D.</span> <span class='ocrx_word' id='word_1_166' title='bbox 777 719 935 746; x_wconf 80' lang='lat' dir='ltr'>loachimus</span> <span class='ocrx_word' id='word_1_167' title='bbox 953 718 1054 744; x_wconf 84' lang='lat' dir='ltr'>R-ieder</span> <span class='ocrx_word' id='word_1_168' title='bbox 1073 717 1136 744; x_wconf 87' lang='lat' dir='ltr'>abb.</span> <span class='ocrx_word' id='word_1_169' title='bbox 1150 717 1179 743; x_wconf 91' lang='lat' dir='ltr'>in</span> <span class='ocrx_word' id='word_1_170' title='bbox 1198 717 1387 750; x_wconf 82' lang='lat' dir='ltr'>Ebersperg.⁵)</span> <span class='ocrx_word' id='word_1_171' title='bbox 1425 716 1454 742; x_wconf 88' lang='lat' dir='ltr'>P.</span> <span class='ocrx_word' id='word_1_172' title='bbox 1465 716 1588 742; x_wconf 82' lang='lat' dir='ltr'>Michael</span> <span class='ocrx_word' id='word_1_173' title='bbox 1602 716 1732 742; x_wconf 85' lang='lat' dir='ltr'>Linttner</span> <span class='ocrx_word' id='word_1_174' title='bbox 1749 715 1777 741; x_wconf 88' lang='lat' dir='ltr'>in</span> <span class='ocrx_word' id='word_1_175' title='bbox 1792 715 1890 749; x_wconf 84' lang='lat' dir='ltr'>Beyrn.</span> 
     </span>
     <span class='ocr_line' id='line_1_34' title="bbox 598 758 1833 793; baseline -0.006 -2"><span class='ocrx_word' id='word_1_176' title='bbox 598 765 626 791; x_wconf 93' lang='lat' dir='ltr'>P.</span> <span class='ocrx_word' id='word_1_177' title='bbox 641 763 809 790; x_wconf 72' lang='lat' dir='ltr'>Benedictus</span> <span class='ocrx_word' id='word_1_178' title='bbox 829 763 864 789; x_wconf 85' lang='lat' dir='ltr'>ad</span> <span class='ocrx_word' id='word_1_179' title='bbox 883 762 939 787; x_wconf 74' lang='lat' dir='ltr'>Sum</span> <span class='ocrx_word' id='word_1_180' title='bbox 959 761 1080 787; x_wconf 83' lang='lat' dir='ltr'>Petrum.</span> <span class='ocrx_word' id='word_1_181' title='bbox 1117 760 1253 793; x_wconf 81' lang='lat' dir='ltr'>Georgius</span> <span class='ocrx_word' id='word_1_182' title='bbox 1273 759 1404 793; x_wconf 84' lang='lat' dir='ltr'>Agricola</span> <span class='ocrx_word' id='word_1_183' title='bbox 1424 768 1483 785; x_wconf 81' lang='lat' dir='ltr'>can.</span> <span class='ocrx_word' id='word_1_184' title='bbox 1498 759 1533 785; x_wconf 84' lang='lat' dir='ltr'>ad</span> <span class='ocrx_word' id='word_1_185' title='bbox 1553 758 1609 784; x_wconf 79' lang='lat' dir='ltr'>Sum</span> <span class='ocrx_word' id='word_1_186' title='bbox 1628 759 1833 793; x_wconf 71' lang='lat' dir='ltr'>Hippolytum]</span> 
     </span>
    </p>

    <p class='ocr_par' dir='ltr' id='par_1_26' title="bbox 548 810 1891 933">
     <span class='ocr_line' id='line_1_35' title="bbox 548 810 1891 848; baseline -0.005 -6"><span class='ocrx_word' id='word_1_187' title='bbox 548 815 702 843; x_wconf 82' lang='lat' dir='ltr'>Fridericus</span> <span class='ocrx_word' id='word_1_188' title='bbox 713 815 822 848; x_wconf 81' lang='lat' dir='ltr'>Longus</span> <span class='ocrx_word' id='word_1_189' title='bbox 837 822 869 839; x_wconf 81' lang='lat' dir='ltr'>ex</span> <span class='ocrx_word' id='word_1_190' title='bbox 882 812 971 839; x_wconf 88' lang='lat' dir='ltr'>nobili</span> <span class='ocrx_word' id='word_1_191' title='bbox 986 811 1095 838; x_wconf 84' lang='lat' dir='ltr'>familia</span> <span class='ocrx_word' id='word_1_192' title='bbox 1108 812 1141 837; x_wconf 86' lang='lat' dir='ltr'>de</span> <span class='ocrx_word' id='word_1_193' title='bbox 1154 811 1345 845; x_wconf 84' lang='lat' dir='ltr'>Sigenhaimb.</span> <span class='ocrx_word' id='word_1_194' title='bbox 1374 810 1510 845; x_wconf 82' lang='lat' dir='ltr'>Georgius</span> <span class='ocrx_word' id='word_1_195' title='bbox 1521 811 1747 844; x_wconf 83' lang='lat' dir='ltr'>Poppenperger.</span> <span class='ocrx_word' id='word_1_196' title='bbox 1775 810 1891 836; x_wconf 89' lang='lat' dir='ltr'>Ioannes</span> 
     </span>
     <span class='ocr_line' id='line_1_36' title="bbox 598 852 1891 891; baseline -0.005 -6"><span class='ocrx_word' id='word_1_197' title='bbox 598 857 755 891; x_wconf 80' lang='lat' dir='ltr'>Reysacher</span> <span class='ocrx_word' id='word_1_198' title='bbox 769 857 828 890; x_wconf 90' lang='lat' dir='ltr'>pbr.</span> <span class='ocrx_word' id='word_1_199' title='bbox 840 858 868 882; x_wconf 86' lang='lat' dir='ltr'>et</span> <span class='ocrx_word' id='word_1_200' title='bbox 881 865 915 882; x_wconf 87' lang='lat' dir='ltr'>m.</span> <span class='ocrx_word' id='word_1_201' title='bbox 926 856 954 881; x_wconf 90' lang='lat' dir='ltr'>in</span> <span class='ocrx_word' id='word_1_202' title='bbox 969 855 1071 880; x_wconf 83' lang='lat' dir='ltr'>Andex.</span> <span class='ocrx_word' id='word_1_203' title='bbox 1104 854 1157 887; x_wconf 89' lang='lat' dir='ltr'>[Fr.</span> <span class='ocrx_word' id='word_1_204' title='bbox 1168 853 1305 880; x_wconf 82' lang='lat' dir='ltr'>Martinus</span> <span class='ocrx_word' id='word_1_205' title='bbox 1320 853 1495 880; x_wconf 85' lang='lat' dir='ltr'>Oberhauser</span> <span class='ocrx_word' id='word_1_206' title='bbox 1508 853 1579 879; x_wconf 85' lang='lat' dir='ltr'>diac.</span> <span class='ocrx_word' id='word_1_207' title='bbox 1591 852 1617 879; x_wconf 75' lang='lat' dir='ltr'>Si</span> <span class='ocrx_word' id='word_1_208' title='bbox 1628 852 1748 887; x_wconf 87' lang='lat' dir='ltr'>Georgii.</span> <span class='ocrx_word' id='word_1_209' title='bbox 1780 852 1809 878; x_wconf 90' lang='lat' dir='ltr'>P.</span> <span class='ocrx_word' id='word_1_210' title='bbox 1820 852 1891 878; x_wconf 84' lang='lat' dir='ltr'>Mar-</span> 
     </span>
     <span class='ocr_line' id='line_1_37' title="bbox 598 895 1750 933; baseline -0.004 -7"><span class='ocrx_word' id='word_1_211' title='bbox 598 901 673 927; x_wconf 82' lang='lat' dir='ltr'>tinus</span> <span class='ocrx_word' id='word_1_212' title='bbox 691 899 824 933; x_wconf 87' lang='lat' dir='ltr'>Feringer</span> <span class='ocrx_word' id='word_1_213' title='bbox 842 898 933 924; x_wconf 84' lang='lat' dir='ltr'>senior</span> <span class='ocrx_word' id='word_1_214' title='bbox 952 897 979 924; x_wconf 87' lang='lat' dir='ltr'>in</span> <span class='ocrx_word' id='word_1_215' title='bbox 999 897 1099 924; x_wconf 87' lang='lat' dir='ltr'>Suben.</span> <span class='ocrx_word' id='word_1_216' title='bbox 1137 897 1166 922; x_wconf 94' lang='lat' dir='ltr'>P.</span> <span class='ocrx_word' id='word_1_217' title='bbox 1186 896 1315 922; x_wconf 82' lang='lat' dir='ltr'>Placidus</span> <span class='ocrx_word' id='word_1_218' title='bbox 1335 896 1490 922; x_wconf 83' lang='lat' dir='ltr'>Feldhover</span> <span class='ocrx_word' id='word_1_219' title='bbox 1509 896 1603 929; x_wconf 56' lang='lat' dir='ltr'>prosus</span> <span class='ocrx_word' id='word_1_220' title='bbox 1622 895 1651 921; x_wconf 88' lang='lat' dir='ltr'>in</span> <span class='ocrx_word' id='word_1_221' title='bbox 1670 895 1750 928; x_wconf 61' lang='lat' dir='ltr'>Am]</span> 
     </span>
    </p>
   </div>
   <div class='ocr_carea' id='block_1_26' title="bbox 549 946 1893 1158">
    <p class='ocr_par' dir='ltr' id='par_1_27' title="bbox 549 946 1893 1158">
     <span class='ocr_line' id='line_1_38' title="bbox 549 946 1891 984; baseline -0.005 -5"><span class='ocrx_word' id='word_1_222' title='bbox 549 953 689 979; x_wconf 69' lang='lat' dir='ltr'>Com-acius</span> <span class='ocrx_word' id='word_1_223' title='bbox 708 961 733 977; x_wconf 89' lang='lat' dir='ltr'>n.</span> <span class='ocrx_word' id='word_1_224' title='bbox 748 960 769 977; x_wconf 90' lang='lat' dir='ltr'>c.</span> <span class='ocrx_word' id='word_1_225' title='bbox 784 951 843 984; x_wconf 85' lang='lat' dir='ltr'>pbr.</span> <span class='ocrx_word' id='word_1_226' title='bbox 858 952 886 977; x_wconf 87' lang='lat' dir='ltr'>et</span> <span class='ocrx_word' id='word_1_227' title='bbox 905 959 939 976; x_wconf 87' lang='lat' dir='ltr'>m.</span> <span class='ocrx_word' id='word_1_228' title='bbox 977 949 1143 975; x_wconf 83' lang='lat' dir='ltr'>Elisabetha</span> <span class='ocrx_word' id='word_1_229' title='bbox 1162 953 1238 974; x_wconf 59' lang='lat' dir='ltr'>coni5¹</span> <span class='ocrx_word' id='word_1_230' title='bbox 1257 948 1290 974; x_wconf 89' lang='lat' dir='ltr'>de</span> <span class='ocrx_word' id='word_1_231' title='bbox 1304 947 1483 981; x_wconf 80' lang='lat' dir='ltr'>Orttenburg.</span> <span class='ocrx_word' id='word_1_232' title='bbox 1522 947 1560 981; x_wconf 90' lang='lat' dir='ltr'>[P.</span> <span class='ocrx_word' id='word_1_233' title='bbox 1574 946 1711 973; x_wconf 87' lang='lat' dir='ltr'>Henricus</span> <span class='ocrx_word' id='word_1_234' title='bbox 1729 947 1757 972; x_wconf 86' lang='lat' dir='ltr'>in</span> <span class='ocrx_word' id='word_1_235' title='bbox 1770 947 1891 973; x_wconf 84' lang='lat' dir='ltr'>Mansee.</span> 
     </span>
     <span class='ocr_line' id='line_1_39' title="bbox 600 989 1892 1025; baseline -0.005 -4"><span class='ocrx_word' id='word_1_236' title='bbox 600 995 628 1021; x_wconf 91' lang='lat' dir='ltr'>P.</span> <span class='ocrx_word' id='word_1_237' title='bbox 644 994 768 1021; x_wconf 81' lang='lat' dir='ltr'>Andreas</span> <span class='ocrx_word' id='word_1_238' title='bbox 787 993 815 1019; x_wconf 94' lang='lat' dir='ltr'>in</span> <span class='ocrx_word' id='word_1_239' title='bbox 831 993 901 1020; x_wconf 87' lang='lat' dir='ltr'>Attl.</span> <span class='ocrx_word' id='word_1_240' title='bbox 938 992 1087 1019; x_wconf 87' lang='lat' dir='ltr'>Udalricus</span> <span class='ocrx_word' id='word_1_241' title='bbox 1101 991 1247 1025; x_wconf 76' lang='lat' dir='ltr'>Reisinger</span> <span class='ocrx_word' id='word_1_242' title='bbox 1266 991 1337 1018; x_wconf 85' lang='lat' dir='ltr'>diac.</span> <span class='ocrx_word' id='word_1_243' title='bbox 1351 990 1379 1016; x_wconf 90' lang='lat' dir='ltr'>in</span> <span class='ocrx_word' id='word_1_244' title='bbox 1393 989 1579 1017; x_wconf 81' lang='lat' dir='ltr'>Mallerstorff.</span> <span class='ocrx_word' id='word_1_245' title='bbox 1616 989 1738 1016; x_wconf 83' lang='lat' dir='ltr'>Michael</span> <span class='ocrx_word' id='word_1_246' title='bbox 1752 989 1812 1015; x_wconf 72' lang='lat' dir='ltr'>Ertl</span> <span class='ocrx_word' id='word_1_247' title='bbox 1831 989 1892 1022; x_wconf 88' lang='lat' dir='ltr'>pbr.</span> 
     </span>
     <span class='ocr_line' id='line_1_40' title="bbox 599 1032 1892 1076; baseline -0.006 -11"><span class='ocrx_word' id='word_1_248' title='bbox 599 1042 627 1065; x_wconf 89' lang='lat' dir='ltr'>et</span> <span class='ocrx_word' id='word_1_249' title='bbox 647 1046 707 1076; x_wconf 65' lang='lat' dir='ltr'>pan.</span> <span class='ocrx_word' id='word_1_250' title='bbox 725 1037 760 1063; x_wconf 82' lang='lat' dir='ltr'>ad</span> <span class='ocrx_word' id='word_1_251' title='bbox 779 1038 837 1062; x_wconf 72' lang='lat' dir='ltr'>Sum</span> <span class='ocrx_word' id='word_1_252' title='bbox 855 1035 1013 1062; x_wconf 83' lang='lat' dir='ltr'>Nicolaum.</span> <span class='ocrx_word' id='word_1_253' title='bbox 1051 1035 1080 1061; x_wconf 92' lang='lat' dir='ltr'>P.</span> <span class='ocrx_word' id='word_1_254' title='bbox 1095 1034 1255 1060; x_wconf 87' lang='lat' dir='ltr'>Edmundus</span> <span class='ocrx_word' id='word_1_255' title='bbox 1274 1033 1347 1068; x_wconf 78' lang='lat' dir='ltr'>Stigl</span> <span class='ocrx_word' id='word_1_256' title='bbox 1367 1033 1395 1059; x_wconf 90' lang='lat' dir='ltr'>in</span> <span class='ocrx_word' id='word_1_257' title='bbox 1417 1033 1597 1066; x_wconf 76' lang='lat' dir='ltr'>Alderspaeh‚</span> <span class='ocrx_word' id='word_1_258' title='bbox 1616 1032 1690 1066; x_wconf 85' lang='lat' dir='ltr'>pleb.</span> <span class='ocrx_word' id='word_1_259' title='bbox 1710 1032 1739 1058; x_wconf 92' lang='lat' dir='ltr'>in</span> <span class='ocrx_word' id='word_1_260' title='bbox 1758 1032 1892 1058; x_wconf 82' lang='lat' dir='ltr'>Miinster.</span> 
     </span>
     <span class='ocr_line' id='line_1_41' title="bbox 600 1075 1893 1114; baseline -0.005 -8"><span class='ocrx_word' id='word_1_261' title='bbox 600 1080 733 1114; x_wconf 83' lang='lat' dir='ltr'>Georgius</span> <span class='ocrx_word' id='word_1_262' title='bbox 748 1079 859 1106; x_wconf 83' lang='lat' dir='ltr'>Pichler</span> <span class='ocrx_word' id='word_1_263' title='bbox 878 1079 937 1113; x_wconf 85' lang='lat' dir='ltr'>pbr.</span> <span class='ocrx_word' id='word_1_264' title='bbox 952 1081 981 1105; x_wconf 85' lang='lat' dir='ltr'>et</span> <span class='ocrx_word' id='word_1_265' title='bbox 998 1087 1057 1104; x_wconf 79' lang='lat' dir='ltr'>can.</span> <span class='ocrx_word' id='word_1_266' title='bbox 1071 1078 1099 1104; x_wconf 92' lang='lat' dir='ltr'>in</span> <span class='ocrx_word' id='word_1_267' title='bbox 1112 1077 1213 1104; x_wconf 88' lang='lat' dir='ltr'>Suben.</span> <span class='ocrx_word' id='word_1_268' title='bbox 1251 1077 1280 1103; x_wconf 89' lang='lat' dir='ltr'>P.</span> <span class='ocrx_word' id='word_1_269' title='bbox 1296 1077 1459 1103; x_wconf 85' lang='lat' dir='ltr'>Lambertns</span> <span class='ocrx_word' id='word_1_270' title='bbox 1473 1076 1578 1110; x_wconf 83' lang='lat' dir='ltr'>Sagner</span> <span class='ocrx_word' id='word_1_271' title='bbox 1591 1076 1652 1109; x_wconf 87' lang='lat' dir='ltr'>pbr.</span> <span class='ocrx_word' id='word_1_272' title='bbox 1665 1077 1694 1102; x_wconf 90' lang='lat' dir='ltr'>et</span> <span class='ocrx_word' id='word_1_273' title='bbox 1706 1084 1742 1101; x_wconf 88' lang='lat' dir='ltr'>m.</span> <span class='ocrx_word' id='word_1_274' title='bbox 1756 1075 1784 1101; x_wconf 86' lang='lat' dir='ltr'>in</span> <span class='ocrx_word' id='word_1_275' title='bbox 1798 1075 1893 1101; x_wconf 79' lang='lat' dir='ltr'>Alten-</span> 
     </span>
     <span class='ocr_line' id='line_1_42' title="bbox 599 1118 1725 1158; baseline -0.005 -8"><span class='ocrx_word' id='word_1_276' title='bbox 599 1126 678 1158; x_wconf 87' lang='lat' dir='ltr'>burg.</span> <span class='ocrx_word' id='word_1_277' title='bbox 716 1124 745 1149; x_wconf 88' lang='lat' dir='ltr'>P.</span> <span class='ocrx_word' id='word_1_278' title='bbox 759 1123 882 1149; x_wconf 78' lang='lat' dir='ltr'>Andreas</span> <span class='ocrx_word' id='word_1_279' title='bbox 901 1122 1035 1155; x_wconf 82' lang='lat' dir='ltr'>Schlager</span> <span class='ocrx_word' id='word_1_280' title='bbox 1054 1121 1082 1147; x_wconf 88' lang='lat' dir='ltr'>in</span> <span class='ocrx_word' id='word_1_281' title='bbox 1103 1121 1206 1147; x_wconf 78' lang='lat' dir='ltr'>Andex.</span> <span class='ocrx_word' id='word_1_282' title='bbox 1244 1120 1275 1146; x_wconf 93' lang='lat' dir='ltr'>D.</span> <span class='ocrx_word' id='word_1_283' title='bbox 1288 1119 1458 1146; x_wconf 77' lang='lat' dir='ltr'>Benedictus</span> <span class='ocrx_word' id='word_1_284' title='bbox 1476 1119 1540 1146; x_wconf 82' lang='lat' dir='ltr'>abb.</span> <span class='ocrx_word' id='word_1_285' title='bbox 1554 1119 1583 1144; x_wconf 90' lang='lat' dir='ltr'>in</span> <span class='ocrx_word' id='word_1_286' title='bbox 1601 1118 1725 1152; x_wconf 78' lang='lat' dir='ltr'>Etta1.·³)]</span> 
     </span>
    </p>
   </div>
   <div class='ocr_carea' id='block_1_27' title="bbox 550 1169 1895 1422">
    <p class='ocr_par' dir='ltr' id='par_1_28' title="bbox 550 1169 1895 1422">
     <span class='ocr_line' id='line_1_43' title="bbox 550 1169 1894 1208; baseline -0.004 -7"><span class='ocrx_word' id='word_1_287' title='bbox 550 1175 732 1208; x_wconf 82' lang='lat' dir='ltr'>Marquardus</span> <span class='ocrx_word' id='word_1_288' title='bbox 751 1174 814 1201; x_wconf 85' lang='lat' dir='ltr'>abb.</span> <span class='ocrx_word' id='word_1_289' title='bbox 828 1174 858 1199; x_wconf 89' lang='lat' dir='ltr'>in</span> <span class='ocrx_word' id='word_1_290' title='bbox 878 1173 1063 1205; x_wconf 57' lang='lat' dir='ltr'>Formbachff)</span> <span class='ocrx_word' id='word_1_291' title='bbox 1101 1172 1257 1202; x_wconf 74' lang='lat' dir='ltr'>Udalricus,</span> <span class='ocrx_word' id='word_1_292' title='bbox 1278 1171 1391 1198; x_wconf 85' lang='lat' dir='ltr'>Ekelfns</span> <span class='ocrx_word' id='word_1_293' title='bbox 1410 1171 1479 1205; x_wconf 82' lang='lat' dir='ltr'>pbri.</span> <span class='ocrx_word' id='word_1_294' title='bbox 1517 1171 1640 1197; x_wconf 89' lang='lat' dir='ltr'>Ortolfus</span> <span class='ocrx_word' id='word_1_295' title='bbox 1659 1178 1716 1196; x_wconf 85' lang='lat' dir='ltr'>acc.</span> <span class='ocrx_word' id='word_1_296' title='bbox 1754 1169 1894 1196; x_wconf 86' lang='lat' dir='ltr'>Helwicus</span> 
     </span>
     <span class='ocr_line' id='line_1_44' title="bbox 600 1212 1894 1251; baseline -0.005 -7"><span class='ocrx_word' id='word_1_297' title='bbox 600 1228 640 1245; x_wconf 88' lang='lat' dir='ltr'>cv.</span> <span class='ocrx_word' id='word_1_298' title='bbox 657 1228 681 1244; x_wconf 92' lang='lat' dir='ltr'>n.</span> <span class='ocrx_word' id='word_1_299' title='bbox 723 1218 763 1251; x_wconf 91' lang='lat' dir='ltr'>[P.</span> <span class='ocrx_word' id='word_1_300' title='bbox 778 1217 900 1243; x_wconf 80' lang='lat' dir='ltr'>Michael</span> <span class='ocrx_word' id='word_1_301' title='bbox 919 1217 947 1242; x_wconf 90' lang='lat' dir='ltr'>iu</span> <span class='ocrx_word' id='word_1_302' title='bbox 970 1216 1149 1249; x_wconf 79' lang='lat' dir='ltr'>Alderspach.</span> <span class='ocrx_word' id='word_1_303' title='bbox 1189 1215 1216 1241; x_wconf 88' lang='lat' dir='ltr'>P.</span> <span class='ocrx_word' id='word_1_304' title='bbox 1230 1214 1404 1241; x_wconf 76' lang='lat' dir='ltr'>Christianus</span> <span class='ocrx_word' id='word_1_305' title='bbox 1424 1223 1484 1241; x_wconf 82' lang='lat' dir='ltr'>can.</span> <span class='ocrx_word' id='word_1_306' title='bbox 1501 1214 1529 1239; x_wconf 88' lang='lat' dir='ltr'>in</span> <span class='ocrx_word' id='word_1_307' title='bbox 1549 1213 1748 1240; x_wconf 80' lang='lat' dir='ltr'>Waldhausen.</span> <span class='ocrx_word' id='word_1_308' title='bbox 1785 1213 1817 1239; x_wconf 95' lang='lat' dir='ltr'>D.</span> <span class='ocrx_word' id='word_1_309' title='bbox 1830 1212 1894 1239; x_wconf 86' lang='lat' dir='ltr'>Ber-</span> 
     </span>
     <span class='ocr_line' id='line_1_45' title="bbox 599 1256 1892 1291; baseline -0.005 -4"><span class='ocrx_word' id='word_1_310' title='bbox 599 1262 700 1288; x_wconf 84' lang='lat' dir='ltr'>nardus</span> <span class='ocrx_word' id='word_1_311' title='bbox 726 1261 790 1287; x_wconf 83' lang='lat' dir='ltr'>abb.</span> <span class='ocrx_word' id='word_1_312' title='bbox 809 1260 930 1286; x_wconf 84' lang='lat' dir='ltr'>Altahae</span> <span class='ocrx_word' id='word_1_313' title='bbox 956 1258 1128 1291; x_wconf 49' lang='lat' dir='ltr'>luserim-iso</span> <span class='ocrx_word' id='word_1_314' title='bbox 1172 1258 1200 1284; x_wconf 88' lang='lat' dir='ltr'>P.</span> <span class='ocrx_word' id='word_1_315' title='bbox 1219 1257 1388 1284; x_wconf 83' lang='lat' dir='ltr'>Benedictus</span> <span class='ocrx_word' id='word_1_316' title='bbox 1413 1258 1448 1283; x_wconf 85' lang='lat' dir='ltr'>ad</span> <span class='ocrx_word' id='word_1_317' title='bbox 1474 1257 1530 1283; x_wconf 75' lang='lat' dir='ltr'>Sum</span> <span class='ocrx_word' id='word_1_318' title='bbox 1554 1257 1674 1283; x_wconf 87' lang='lat' dir='ltr'>Petrum.</span> <span class='ocrx_word' id='word_1_319' title='bbox 1720 1256 1748 1282; x_wconf 88' lang='grc' dir='ltr'>Ρ.</span> <span class='ocrx_word' id='word_1_320' title='bbox 1769 1256 1892 1287; x_wconf 79' lang='lat' dir='ltr'>Ioannes,</span> 
     </span>
     <span class='ocr_line' id='line_1_46' title="bbox 600 1297 1894 1336; baseline -0.005 -5"><span class='ocrx_word' id='word_1_321' title='bbox 600 1304 759 1331; x_wconf 78' lang='lat' dir='ltr'>Leonardus</span> <span class='ocrx_word' id='word_1_322' title='bbox 786 1303 906 1330; x_wconf 75' lang='lat' dir='ltr'>Altahae</span> <span class='ocrx_word' id='word_1_323' title='bbox 932 1301 1095 1336; x_wconf 80' lang='lat' dir='ltr'>Superioris.</span> <span class='ocrx_word' id='word_1_324' title='bbox 1141 1301 1170 1327; x_wconf 91' lang='lat' dir='ltr'>P.</span> <span class='ocrx_word' id='word_1_325' title='bbox 1192 1301 1321 1327; x_wconf 83' lang='lat' dir='ltr'>Placidus</span> <span class='ocrx_word' id='word_1_326' title='bbox 1345 1300 1497 1326; x_wconf 78' lang='lat' dir='ltr'>Balneator</span> <span class='ocrx_word' id='word_1_327' title='bbox 1523 1299 1551 1325; x_wconf 87' lang='lat' dir='ltr'>in</span> <span class='ocrx_word' id='word_1_328' title='bbox 1578 1298 1656 1325; x_wconf 87' lang='lat' dir='ltr'>Seon.</span> <span class='ocrx_word' id='word_1_329' title='bbox 1703 1298 1733 1325; x_wconf 90' lang='lat' dir='ltr'>P.</span> <span class='ocrx_word' id='word_1_330' title='bbox 1754 1297 1894 1324; x_wconf 79' lang='lat' dir='ltr'>Candidus</span> 
     </span>
     <span class='ocr_line' id='line_1_47' title="bbox 600 1340 1895 1376; baseline -0.005 -3"><span class='ocrx_word' id='word_1_331' title='bbox 600 1347 714 1373; x_wconf 83' lang='lat' dir='ltr'>Scherer</span> <span class='ocrx_word' id='word_1_332' title='bbox 727 1345 949 1373; x_wconf 84' lang='lat' dir='ltr'>Cremifanensis.</span> <span class='ocrx_word' id='word_1_333' title='bbox 985 1345 1016 1370; x_wconf 94' lang='lat' dir='ltr'>D.</span> <span class='ocrx_word' id='word_1_334' title='bbox 1034 1344 1206 1370; x_wconf 81' lang='lat' dir='ltr'>Herculanus</span> <span class='ocrx_word' id='word_1_335' title='bbox 1219 1343 1326 1370; x_wconf 80' lang='lat' dir='ltr'>Dietler</span> <span class='ocrx_word' id='word_1_336' title='bbox 1339 1342 1623 1376; x_wconf 79' lang='lat' dir='ltr'>ReicherspergensiS.</span> <span class='ocrx_word' id='word_1_337' title='bbox 1655 1342 1697 1367; x_wconf 86' lang='lat' dir='ltr'>Fr.</span> <span class='ocrx_word' id='word_1_338' title='bbox 1712 1340 1895 1367; x_wconf 65' lang='lat' dir='ltr'>Sebastianus</span> 
     </span>
     <span class='ocr_line' id='line_1_48' title="bbox 603 1385 1486 1422; baseline -0.006 -6"><span class='ocrx_word' id='word_1_339' title='bbox 603 1399 643 1416; x_wconf 82' lang='lat' dir='ltr'>cv.</span> <span class='ocrx_word' id='word_1_340' title='bbox 658 1390 686 1416; x_wconf 89' lang='lat' dir='ltr'>in</span> <span class='ocrx_word' id='word_1_341' title='bbox 706 1389 833 1416; x_wconf 81' lang='lat' dir='ltr'>Garsten.</span> <span class='ocrx_word' id='word_1_342' title='bbox 871 1389 900 1415; x_wconf 91' lang='lat' dir='ltr'>P.</span> <span class='ocrx_word' id='word_1_343' title='bbox 916 1388 1100 1422; x_wconf 87' lang='lat' dir='ltr'>lldephonsus</span> <span class='ocrx_word' id='word_1_344' title='bbox 1120 1386 1230 1413; x_wconf 85' lang='lat' dir='ltr'>Piehler</span> <span class='ocrx_word' id='word_1_345' title='bbox 1249 1395 1284 1412; x_wconf 86' lang='lat' dir='ltr'>m.</span> <span class='ocrx_word' id='word_1_346' title='bbox 1298 1385 1486 1419; x_wconf 85' lang='lat' dir='ltr'>Mellicensis.]</span> 
     </span>
    </p>
   </div>
   <div class='ocr_carea' id='block_1_28' title="bbox 552 1436 1896 1647">
    <p class='ocr_par' dir='ltr' id='par_1_29' title="bbox 552 1436 1896 1647">
     <span class='ocr_line' id='line_1_49' title="bbox 552 1436 1896 1473; baseline -0.005 -5"><span class='ocrx_word' id='word_1_347' title='bbox 552 1441 730 1468; x_wconf 82' lang='lat' dir='ltr'>Reichliebus</span> <span class='ocrx_word' id='word_1_348' title='bbox 754 1441 783 1466; x_wconf 88' lang='lat' dir='ltr'>in</span> <span class='ocrx_word' id='word_1_349' title='bbox 803 1440 921 1466; x_wconf 82' lang='lat' dir='ltr'>Gleiink.</span> <span class='ocrx_word' id='word_1_350' title='bbox 960 1440 999 1473; x_wconf 89' lang='lat' dir='ltr'>[P.</span> <span class='ocrx_word' id='word_1_351' title='bbox 1013 1439 1130 1465; x_wconf 89' lang='lat' dir='ltr'>Ioannes</span> <span class='ocrx_word' id='word_1_352' title='bbox 1156 1438 1184 1464; x_wconf 91' lang='lat' dir='ltr'>in</span> <span class='ocrx_word' id='word_1_353' title='bbox 1205 1437 1368 1464; x_wconf 80' lang='lat' dir='ltr'>Formbach.</span> <span class='ocrx_word' id='word_1_354' title='bbox 1406 1437 1435 1462; x_wconf 91' lang='lat' dir='ltr'>P.</span> <span class='ocrx_word' id='word_1_355' title='bbox 1450 1436 1563 1463; x_wconf 85' lang='lat' dir='ltr'>Gabriel</span> <span class='ocrx_word' id='word_1_356' title='bbox 1582 1436 1609 1462; x_wconf 90' lang='lat' dir='ltr'>in</span> <span class='ocrx_word' id='word_1_357' title='bbox 1629 1436 1734 1462; x_wconf 80' lang='lat' dir='ltr'>Andex.</span> <span class='ocrx_word' id='word_1_358' title='bbox 1771 1436 1896 1461; x_wconf 83' lang='lat' dir='ltr'>Susanna.</span> 
     </span>
     <span class='ocr_line' id='line_1_50' title="bbox 603 1477 1895 1510; baseline -0.005 0"><span class='ocrx_word' id='word_1_359' title='bbox 603 1484 793 1510; x_wconf 75' lang='lat' dir='ltr'>Kondorfferin</span> <span class='ocrx_word' id='word_1_360' title='bbox 816 1483 923 1509; x_wconf 63' lang='lat' dir='ltr'>smonlifl</span> <span class='ocrx_word' id='word_1_361' title='bbox 949 1482 984 1508; x_wconf 80' lang='lat' dir='ltr'>ad</span> <span class='ocrx_word' id='word_1_362' title='bbox 1007 1482 1064 1507; x_wconf 75' lang='lat' dir='ltr'>Sum</span> <span class='ocrx_word' id='word_1_363' title='bbox 1084 1482 1205 1508; x_wconf 84' lang='lat' dir='ltr'>Petrum.</span> <span class='ocrx_word' id='word_1_364' title='bbox 1248 1481 1290 1507; x_wconf 85' lang='lat' dir='ltr'>Fr.</span> <span class='ocrx_word' id='word_1_365' title='bbox 1307 1480 1429 1506; x_wconf 81' lang='lat' dir='ltr'>Michael</span> <span class='ocrx_word' id='word_1_366' title='bbox 1453 1488 1494 1506; x_wconf 82' lang='lat' dir='ltr'>cv.</span> <span class='ocrx_word' id='word_1_367' title='bbox 1514 1479 1542 1505; x_wconf 87' lang='lat' dir='ltr'>in</span> <span class='ocrx_word' id='word_1_368' title='bbox 1562 1479 1681 1505; x_wconf 87' lang='lat' dir='ltr'>Mousee.</span> <span class='ocrx_word' id='word_1_369' title='bbox 1724 1477 1895 1509; x_wconf 79' lang='lat' dir='ltr'>Pancratius,</span> 
     </span>
     <span class='ocr_line' id='line_1_51' title="bbox 604 1520 1894 1561; baseline -0.005 -9"><span class='ocrx_word' id='word_1_370' title='bbox 604 1527 685 1553; x_wconf 79' lang='lat' dir='ltr'>Vitus</span> <span class='ocrx_word' id='word_1_371' title='bbox 713 1528 774 1561; x_wconf 75' lang='lat' dir='ltr'>pbri</span> <span class='ocrx_word' id='word_1_372' title='bbox 803 1529 830 1553; x_wconf 86' lang='lat' dir='ltr'>et</span> <span class='ocrx_word' id='word_1_373' title='bbox 858 1527 893 1552; x_wconf 78' lang='lat' dir='ltr'>mi</span> <span class='ocrx_word' id='word_1_374' title='bbox 921 1525 956 1551; x_wconf 84' lang='lat' dir='ltr'>ad</span> <span class='ocrx_word' id='word_1_375' title='bbox 981 1525 1036 1550; x_wconf 72' lang='lat' dir='ltr'>Sum</span> <span class='ocrx_word' id='word_1_376' title='bbox 1062 1524 1166 1551; x_wconf 87' lang='lat' dir='ltr'>Vitum.</span> <span class='ocrx_word' id='word_1_377' title='bbox 1213 1524 1242 1550; x_wconf 92' lang='lat' dir='ltr'>P.</span> <span class='ocrx_word' id='word_1_378' title='bbox 1265 1523 1446 1549; x_wconf 77' lang='lat' dir='ltr'>Sebastianus</span> <span class='ocrx_word' id='word_1_379' title='bbox 1472 1523 1563 1548; x_wconf 85' lang='lat' dir='ltr'>Braun</span> <span class='ocrx_word' id='word_1_380' title='bbox 1590 1522 1651 1556; x_wconf 87' lang='lat' dir='ltr'>pbr.</span> <span class='ocrx_word' id='word_1_381' title='bbox 1677 1523 1705 1548; x_wconf 81' lang='lat' dir='ltr'>et</span> <span class='ocrx_word' id='word_1_382' title='bbox 1732 1530 1767 1547; x_wconf 88' lang='lat' dir='ltr'>m.</span> <span class='ocrx_word' id='word_1_383' title='bbox 1793 1520 1894 1547; x_wconf 84' lang='lat' dir='ltr'>Cremi-</span> 
     </span>
     <span class='ocr_line' id='line_1_52' title="bbox 600 1564 1895 1601; baseline -0.005 -5"><span class='ocrx_word' id='word_1_384' title='bbox 600 1570 730 1596; x_wconf 77' lang='lat' dir='ltr'>fanensis.</span> <span class='ocrx_word' id='word_1_385' title='bbox 773 1570 802 1596; x_wconf 90' lang='lat' dir='ltr'>P.</span> <span class='ocrx_word' id='word_1_386' title='bbox 823 1569 938 1595; x_wconf 78' lang='lat' dir='ltr'>Iacobus</span> <span class='ocrx_word' id='word_1_387' title='bbox 957 1568 1132 1594; x_wconf 75' lang='lat' dir='ltr'>Schweikart</span> <span class='ocrx_word' id='word_1_388' title='bbox 1157 1567 1234 1601; x_wconf 87' lang='lat' dir='ltr'>prior</span> <span class='ocrx_word' id='word_1_389' title='bbox 1258 1566 1285 1592; x_wconf 90' lang='lat' dir='ltr'>in</span> <span class='ocrx_word' id='word_1_390' title='bbox 1307 1566 1404 1599; x_wconf 81' lang='lat' dir='ltr'>Beyrn.</span> <span class='ocrx_word' id='word_1_391' title='bbox 1446 1565 1535 1592; x_wconf 79' lang='lat' dir='ltr'>Maria.</span> <span class='ocrx_word' id='word_1_392' title='bbox 1554 1564 1725 1591; x_wconf 77' lang='lat' dir='ltr'>Wittmanin</span> <span class='ocrx_word' id='word_1_393' title='bbox 1749 1573 1801 1591; x_wconf 81' lang='lat' dir='ltr'>sor.</span> <span class='ocrx_word' id='word_1_394' title='bbox 1819 1564 1843 1589; x_wconf 73' lang='lat' dir='ltr'>ln</span> <span class='ocrx_word' id='word_1_395' title='bbox 1866 1564 1895 1589; x_wconf 88' lang='lat' dir='ltr'>in</span> 
     </span>
     <span class='ocr_line' id='line_1_53' title="bbox 602 1613 824 1647; baseline 0 -8"><span class='ocrx_word' id='word_1_396' title='bbox 602 1613 824 1647; x_wconf 59' lang='lat' dir='ltr'>Seeligenthall]</span> 
     </span>
    </p>
   </div>
   <div class='ocr_carea' id='block_1_29' title="bbox 485 1659 1896 1698">
    <p class='ocr_par' dir='ltr' id='par_1_30' title="bbox 485 1659 1896 1698">
     <span class='ocr_line' id='line_1_54' title="bbox 485 1659 1896 1698; baseline -0.004 -7"><span class='ocrx_word' id='word_1_397' title='bbox 485 1666 507 1691; x_wconf 81' lang='lat'>&#39;&#39;.</span> <span class='ocrx_word' id='word_1_398' title='bbox 554 1665 662 1698; x_wconf 86' lang='lat' dir='ltr'>Poppo,</span> <span class='ocrx_word' id='word_1_399' title='bbox 689 1664 865 1691; x_wconf 84' lang='lat' dir='ltr'>Adelhochus</span> <span class='ocrx_word' id='word_1_400' title='bbox 890 1664 1002 1695; x_wconf 51' lang='lat' dir='ltr'>ahbffifl)</span> <span class='ocrx_word' id='word_1_401' title='bbox 1046 1663 1181 1696; x_wconf 75' lang='lat' dir='ltr'>Georgius</span> <span class='ocrx_word' id='word_1_402' title='bbox 1207 1664 1235 1688; x_wconf 84' lang='lat' dir='ltr'>et</span> <span class='ocrx_word' id='word_1_403' title='bbox 1260 1661 1380 1687; x_wconf 80' lang='lat' dir='ltr'>Michael</span> <span class='ocrx_word' id='word_1_404' title='bbox 1408 1661 1468 1694; x_wconf 88' lang='lat' dir='ltr'>pbri</span> <span class='ocrx_word' id='word_1_405' title='bbox 1488 1663 1515 1687; x_wconf 83' lang='lat' dir='ltr'>et</span> <span class='ocrx_word' id='word_1_406' title='bbox 1539 1661 1584 1686; x_wconf 70' lang='lat' dir='ltr'>mi.</span> <span class='ocrx_word' id='word_1_407' title='bbox 1625 1660 1783 1687; x_wconf 82' lang='lat' dir='ltr'>Leonardus</span> <span class='ocrx_word' id='word_1_408' title='bbox 1808 1669 1848 1686; x_wconf 87' lang='lat' dir='ltr'>cv.</span> <span class='ocrx_word' id='word_1_409' title='bbox 1869 1659 1896 1685; x_wconf 91' lang='lat' dir='ltr'>in</span> 
     </span>
    </p>
   </div>
   <div class='ocr_carea' id='block_1_30' title="bbox 603 1701 1898 1870">
    <p class='ocr_par' dir='ltr' id='par_1_31' title="bbox 603 1701 1898 1870">
     <span class='ocr_line' id='line_1_55' title="bbox 605 1701 1898 1740; baseline -0.005 -6"><span class='ocrx_word' id='word_1_410' title='bbox 605 1707 736 1740; x_wconf 74' lang='lat' dir='ltr'>Scheyrn.</span> <span class='ocrx_word' id='word_1_411' title='bbox 774 1707 929 1734; x_wconf 80' lang='lat' dir='ltr'>Hieremias</span> <span class='ocrx_word' id='word_1_412' title='bbox 948 1706 1008 1740; x_wconf 83' lang='lat' dir='ltr'>pbr.</span> <span class='ocrx_word' id='word_1_413' title='bbox 1023 1706 1049 1731; x_wconf 89' lang='lat' dir='ltr'>in</span> <span class='ocrx_word' id='word_1_414' title='bbox 1064 1705 1227 1732; x_wconf 81' lang='lat' dir='ltr'>Formbac-h.</span> <span class='ocrx_word' id='word_1_415' title='bbox 1265 1704 1400 1738; x_wconf 80' lang='lat' dir='ltr'>Georgius</span> <span class='ocrx_word' id='word_1_416' title='bbox 1418 1703 1569 1730; x_wconf 80' lang='lat' dir='ltr'>Schileher.</span> <span class='ocrx_word' id='word_1_417' title='bbox 1607 1702 1781 1730; x_wconf 85' lang='lat' dir='ltr'>Caelestinus</span> <span class='ocrx_word' id='word_1_418' title='bbox 1799 1701 1898 1735; x_wconf 87' lang='lat' dir='ltr'>Zinger</span> 
     </span>
     <span class='ocr_line' id='line_1_56' title="bbox 606 1745 1897 1784; baseline -0.005 -7"><span class='ocrx_word' id='word_1_419' title='bbox 606 1751 743 1784; x_wconf 77' lang='lat' dir='ltr'>parochus</span> <span class='ocrx_word' id='word_1_420' title='bbox 767 1750 796 1776; x_wconf 89' lang='lat' dir='ltr'>in</span> <span class='ocrx_word' id='word_1_421' title='bbox 815 1750 887 1784; x_wconf 87' lang='lat' dir='ltr'>Spiz.</span> <span class='ocrx_word' id='word_1_422' title='bbox 930 1750 970 1783; x_wconf 92' lang='lat' dir='ltr'>[P.</span> <span class='ocrx_word' id='word_1_423' title='bbox 987 1748 1132 1775; x_wconf 83' lang='lat' dir='ltr'>Udalricus</span> <span class='ocrx_word' id='word_1_424' title='bbox 1155 1750 1183 1774; x_wconf 79' lang='lat' dir='ltr'>et</span> <span class='ocrx_word' id='word_1_425' title='bbox 1205 1748 1232 1773; x_wconf 88' lang='lat' dir='ltr'>P.</span> <span class='ocrx_word' id='word_1_426' title='bbox 1246 1747 1422 1774; x_wconf 86' lang='lat' dir='ltr'>Eberhardus</span> <span class='ocrx_word' id='word_1_427' title='bbox 1442 1747 1622 1773; x_wconf 81' lang='lat' dir='ltr'>Andecenses.</span> <span class='ocrx_word' id='word_1_428' title='bbox 1667 1746 1696 1771; x_wconf 92' lang='lat' dir='ltr'>P.</span> <span class='ocrx_word' id='word_1_429' title='bbox 1710 1745 1897 1780; x_wconf 56' lang='lat' dir='ltr'>lVolfgangus</span> 
     </span>
     <span class='ocr_line' id='line_1_57' title="bbox 603 1788 1895 1819; baseline -0.005 0"><span class='ocrx_word' id='word_1_430' title='bbox 603 1794 665 1819; x_wconf 74' lang='lat' dir='ltr'>Erdl</span> <span class='ocrx_word' id='word_1_431' title='bbox 698 1793 789 1819; x_wconf 86' lang='lat' dir='ltr'>senior</span> <span class='ocrx_word' id='word_1_432' title='bbox 819 1793 846 1819; x_wconf 88' lang='lat' dir='ltr'>in</span> <span class='ocrx_word' id='word_1_433' title='bbox 875 1793 995 1819; x_wconf 87' lang='lat' dir='ltr'>Monsee.</span> <span class='ocrx_word' id='word_1_434' title='bbox 1046 1792 1074 1818; x_wconf 91' lang='lat' dir='ltr'>P.</span> <span class='ocrx_word' id='word_1_435' title='bbox 1100 1792 1197 1818; x_wconf 82' lang='lat' dir='ltr'>Petrus</span> <span class='ocrx_word' id='word_1_436' title='bbox 1226 1790 1447 1817; x_wconf 78' lang='lat' dir='ltr'>Cremifanensis.</span> <span class='ocrx_word' id='word_1_437' title='bbox 1498 1790 1540 1815; x_wconf 87' lang='lat' dir='ltr'>Fr.</span> <span class='ocrx_word' id='word_1_438' title='bbox 1563 1789 1728 1815; x_wconf 81' lang='lat' dir='ltr'>Laurentius</span> <span class='ocrx_word' id='word_1_439' title='bbox 1757 1788 1895 1815; x_wconf 73' lang='lat' dir='ltr'>claustro-</span> 
     </span>
     <span class='ocr_line' id='line_1_58' title="bbox 603 1832 1449 1870; baseline -0.005 -8"><span class='ocrx_word' id='word_1_440' title='bbox 603 1836 810 1870; x_wconf 85' lang='lat' dir='ltr'>neoburgensis.</span> <span class='ocrx_word' id='word_1_441' title='bbox 848 1835 875 1861; x_wconf 95' lang='lat' dir='ltr'>P.</span> <span class='ocrx_word' id='word_1_442' title='bbox 890 1835 1054 1862; x_wconf 77' lang='lat' dir='ltr'>Franciscus</span> <span class='ocrx_word' id='word_1_443' title='bbox 1073 1834 1177 1860; x_wconf 83' lang='lat' dir='ltr'>Arnold</span> <span class='ocrx_word' id='word_1_444' title='bbox 1196 1843 1256 1860; x_wconf 75' lang='lat' dir='ltr'>can.</span> <span class='ocrx_word' id='word_1_445' title='bbox 1270 1834 1298 1859; x_wconf 87' lang='lat' dir='ltr'>in</span> <span class='ocrx_word' id='word_1_446' title='bbox 1318 1832 1449 1867; x_wconf 88' lang='lat' dir='ltr'>Polling.]</span> 
     </span>
    </p>
   </div>
   <div class='ocr_carea' id='block_1_31' title="bbox 554 1883 1898 2092">
    <p class='ocr_par' dir='ltr' id='par_1_32' title="bbox 554 1883 1898 2092">
     <span class='ocr_line' id='line_1_59' title="bbox 554 1883 1898 1921; baseline -0.005 -7"><span class='ocrx_word' id='word_1_447' title='bbox 554 1888 714 1915; x_wconf 77' lang='lat' dir='ltr'>Leutwinus</span> <span class='ocrx_word' id='word_1_448' title='bbox 734 1898 760 1914; x_wconf 88' lang='lat' dir='ltr'>n.</span> <span class='ocrx_word' id='word_1_449' title='bbox 775 1897 795 1913; x_wconf 89' lang='lat' dir='ltr'>c.</span> <span class='ocrx_word' id='word_1_450' title='bbox 811 1896 851 1913; x_wconf 84' lang='lat' dir='ltr'>cv.</span> <span class='ocrx_word' id='word_1_451' title='bbox 888 1887 1023 1921; x_wconf 83' lang='lat' dir='ltr'>Georgius</span> <span class='ocrx_word' id='word_1_452' title='bbox 1043 1887 1106 1913; x_wconf 83' lang='lat' dir='ltr'>abb.</span> <span class='ocrx_word' id='word_1_453' title='bbox 1120 1886 1148 1912; x_wconf 88' lang='lat' dir='ltr'>in</span> <span class='ocrx_word' id='word_1_454' title='bbox 1166 1885 1384 1919; x_wconf 69' lang='lat' dir='ltr'>Alderspach.¹⁰)</span> <span class='ocrx_word' id='word_1_455' title='bbox 1423 1884 1451 1910; x_wconf 87' lang='lat' dir='ltr'>P.</span> <span class='ocrx_word' id='word_1_456' title='bbox 1466 1883 1613 1910; x_wconf 83' lang='lat' dir='ltr'>Udalricus</span> <span class='ocrx_word' id='word_1_457' title='bbox 1632 1883 1744 1909; x_wconf 86' lang='lat' dir='ltr'>ibidem.</span> <span class='ocrx_word' id='word_1_458' title='bbox 1782 1883 1898 1909; x_wconf 78' lang='lat' dir='ltr'>lacobus</span> 
     </span>
     <span class='ocr_line' id='line_1_60' title="bbox 603 1925 1897 1961; baseline -0.005 -4"><span class='ocrx_word' id='word_1_459' title='bbox 603 1940 644 1957; x_wconf 69' lang='lat' dir='ltr'>cv.</span> <span class='ocrx_word' id='word_1_460' title='bbox 681 1931 710 1956; x_wconf 90' lang='lat' dir='ltr'>P.</span> <span class='ocrx_word' id='word_1_461' title='bbox 725 1931 889 1957; x_wconf 82' lang='lat' dir='ltr'>Laurentius</span> <span class='ocrx_word' id='word_1_462' title='bbox 909 1930 1043 1956; x_wconf 84' lang='lat' dir='ltr'>Seiiberer</span> <span class='ocrx_word' id='word_1_463' title='bbox 1066 1929 1185 1955; x_wconf 68' lang='lat' dir='ltr'>Altahae</span> <span class='ocrx_word' id='word_1_464' title='bbox 1200 1927 1348 1960; x_wconf 78' lang='lat' dir='ltr'>Inferioris,</span> <span class='ocrx_word' id='word_1_465' title='bbox 1369 1936 1446 1961; x_wconf 85' lang='lat' dir='ltr'>ppos.</span> <span class='ocrx_word' id='word_1_466' title='bbox 1460 1926 1496 1952; x_wconf 86' lang='lat' dir='ltr'>ad</span> <span class='ocrx_word' id='word_1_467' title='bbox 1515 1925 1570 1952; x_wconf 78' lang='lat' dir='ltr'>Sum</span> <span class='ocrx_word' id='word_1_468' title='bbox 1584 1926 1752 1952; x_wconf 87' lang='lat' dir='ltr'>Oswaldum.</span> <span class='ocrx_word' id='word_1_469' title='bbox 1791 1925 1818 1950; x_wconf 85' lang='lat' dir='ltr'>P.</span> <span class='ocrx_word' id='word_1_470' title='bbox 1833 1925 1897 1951; x_wconf 85' lang='lat' dir='ltr'>Bar-</span> 
     </span>
     <span class='ocr_line' id='line_1_61' title="bbox 605 1967 1898 2007; baseline -0.005 -7"><span class='ocrx_word' id='word_1_471' title='bbox 605 1974 732 2000; x_wconf 75' lang='lat' dir='ltr'>thasarns</span> <span class='ocrx_word' id='word_1_472' title='bbox 746 1974 774 1999; x_wconf 88' lang='lat' dir='ltr'>in</span> <span class='ocrx_word' id='word_1_473' title='bbox 785 1973 1052 2007; x_wconf 77' lang='lat' dir='ltr'>Weichenstephan.</span> <span class='ocrx_word' id='word_1_474' title='bbox 1084 1973 1200 1998; x_wconf 78' lang='lat' dir='ltr'>Ioannes</span> <span class='ocrx_word' id='word_1_475' title='bbox 1214 1972 1338 1997; x_wconf 85' lang='lat' dir='ltr'>Prunner</span> <span class='ocrx_word' id='word_1_476' title='bbox 1351 1979 1391 1996; x_wconf 86' lang='lat' dir='ltr'>CV.</span> <span class='ocrx_word' id='word_1_477' title='bbox 1406 1970 1434 1995; x_wconf 92' lang='lat' dir='ltr'>in</span> <span class='ocrx_word' id='word_1_478' title='bbox 1448 1968 1690 1995; x_wconf 83' lang='lat' dir='ltr'>Raittenhaslach.</span> <span class='ocrx_word' id='word_1_479' title='bbox 1722 1968 1751 1994; x_wconf 91' lang='lat' dir='ltr'>P.</span> <span class='ocrx_word' id='word_1_480' title='bbox 1763 1967 1898 2002; x_wconf 86' lang='lat' dir='ltr'>Georgius</span> 
     </span>
     <span class='ocr_line' id='line_1_62' title="bbox 606 2011 1897 2050; baseline -0.004 -9"><span class='ocrx_word' id='word_1_481' title='bbox 606 2017 792 2050; x_wconf 70' lang='lat' dir='ltr'>Wengeniayr</span> <span class='ocrx_word' id='word_1_482' title='bbox 819 2017 847 2042; x_wconf 92' lang='lat' dir='ltr'>in</span> <span class='ocrx_word' id='word_1_483' title='bbox 875 2016 990 2045; x_wconf 80' lang='lat' dir='ltr'>Gleink,</span> <span class='ocrx_word' id='word_1_484' title='bbox 1019 2016 1165 2049; x_wconf 76' lang='lat' dir='ltr'>professus.</span> <span class='ocrx_word' id='word_1_485' title='bbox 1212 2015 1240 2040; x_wconf 81' lang='lat' dir='ltr'>P.</span> <span class='ocrx_word' id='word_1_486' title='bbox 1262 2013 1462 2047; x_wconf 81' lang='lat' dir='ltr'>Simplicianus</span> <span class='ocrx_word' id='word_1_487' title='bbox 1482 2013 1558 2039; x_wconf 87' lang='lat' dir='ltr'>Werl</span> <span class='ocrx_word' id='word_1_488' title='bbox 1587 2021 1644 2038; x_wconf 82' lang='lat' dir='ltr'>can.</span> <span class='ocrx_word' id='word_1_489' title='bbox 1670 2011 1699 2037; x_wconf 90' lang='lat' dir='ltr'>in</span> <span class='ocrx_word' id='word_1_490' title='bbox 1724 2011 1897 2037; x_wconf 82' lang='lat' dir='ltr'>Ranshoven.</span> 
     </span>
     <span class='ocr_line' id='line_1_63' title="bbox 608 2057 1360 2092; baseline -0.003 -8"><span class='ocrx_word' id='word_1_491' title='bbox 608 2059 723 2085; x_wconf 72' lang='lat' dir='ltr'>Iac-obus</span> <span class='ocrx_word' id='word_1_492' title='bbox 743 2059 920 2092; x_wconf 71' lang='lat' dir='ltr'>Liechtmayr</span> <span class='ocrx_word' id='word_1_493' title='bbox 940 2068 981 2084; x_wconf 73' lang='lat' dir='ltr'>cv.</span> <span class='ocrx_word' id='word_1_494' title='bbox 995 2057 1360 2091; x_wconf 60' lang='lat' dir='ltr'>Clauso-0-amburgensis]</span> 
     </span>
    </p>
   </div>
   <div class='ocr_carea' id='block_1_32' title="bbox 558 2105 1900 2315">
    <p class='ocr_par' dir='ltr' id='par_1_33' title="bbox 558 2105 1900 2315">
     <span class='ocr_line' id='line_1_64' title="bbox 558 2105 1898 2141; baseline -0.004 -5"><span class='ocrx_word' id='word_1_495' title='bbox 558 2110 715 2136; x_wconf 80' lang='lat' dir='ltr'>Ambrosius</span> <span class='ocrx_word' id='word_1_496' title='bbox 735 2111 798 2137; x_wconf 80' lang='lat' dir='ltr'>abb.</span> <span class='ocrx_word' id='word_1_497' title='bbox 813 2111 848 2137; x_wconf 87' lang='lat' dir='ltr'>ad</span> <span class='ocrx_word' id='word_1_498' title='bbox 868 2111 924 2137; x_wconf 74' lang='lat' dir='ltr'>Sum</span> <span class='ocrx_word' id='word_1_499' title='bbox 944 2111 1164 2141; x_wconf 79' lang='lat' dir='ltr'>Emeramurn.¹¹)</span> <span class='ocrx_word' id='word_1_500' title='bbox 1202 2108 1297 2135; x_wconf 85' lang='lat' dir='ltr'>Hezilo</span> <span class='ocrx_word' id='word_1_501' title='bbox 1317 2118 1342 2134; x_wconf 89' lang='lat' dir='ltr'>n.</span> <span class='ocrx_word' id='word_1_502' title='bbox 1358 2118 1379 2134; x_wconf 80' lang='lat' dir='ltr'>c.</span> <span class='ocrx_word' id='word_1_503' title='bbox 1393 2118 1428 2134; x_wconf 80' lang='lat' dir='ltr'>in.</span> <span class='ocrx_word' id='word_1_504' title='bbox 1467 2108 1507 2141; x_wconf 87' lang='lat' dir='ltr'>[P.</span> <span class='ocrx_word' id='word_1_505' title='bbox 1521 2107 1643 2133; x_wconf 85' lang='lat' dir='ltr'>Andreas</span> <span class='ocrx_word' id='word_1_506' title='bbox 1663 2106 1851 2140; x_wconf 84' lang='lat' dir='ltr'>Wiselberger</span> <span class='ocrx_word' id='word_1_507' title='bbox 1870 2105 1898 2131; x_wconf 88' lang='lat' dir='ltr'>in</span> 
     </span>
     <span class='ocr_line' id='line_1_65' title="bbox 608 2148 1899 2186; baseline -0.003 -8"><span class='ocrx_word' id='word_1_508' title='bbox 608 2153 818 2180; x_wconf 70' lang='lat' dir='ltr'>Nidernaltach.</span> <span class='ocrx_word' id='word_1_509' title='bbox 856 2154 884 2180; x_wconf 93' lang='lat' dir='ltr'>P.</span> <span class='ocrx_word' id='word_1_510' title='bbox 901 2153 1036 2179; x_wconf 81' lang='lat' dir='ltr'>Iohannes</span> <span class='ocrx_word' id='word_1_511' title='bbox 1054 2153 1144 2179; x_wconf 84' lang='lat' dir='ltr'>Moser</span> <span class='ocrx_word' id='word_1_512' title='bbox 1165 2153 1238 2186; x_wconf 69' lang='lat' dir='ltr'>prior</span> <span class='ocrx_word' id='word_1_513' title='bbox 1255 2152 1283 2177; x_wconf 90' lang='lat' dir='ltr'>in</span> <span class='ocrx_word' id='word_1_514' title='bbox 1302 2151 1464 2177; x_wconf 78' lang='lat' dir='ltr'>Novacella.</span> <span class='ocrx_word' id='word_1_515' title='bbox 1501 2150 1530 2176; x_wconf 93' lang='lat' dir='ltr'>P.</span> <span class='ocrx_word' id='word_1_516' title='bbox 1547 2149 1693 2175; x_wconf 85' lang='lat' dir='ltr'>Udalricus</span> <span class='ocrx_word' id='word_1_517' title='bbox 1712 2148 1800 2175; x_wconf 90' lang='lat' dir='ltr'>Posch</span> <span class='ocrx_word' id='word_1_518' title='bbox 1820 2157 1899 2182; x_wconf 87' lang='lat' dir='ltr'>ppos.</span> 
     </span>
     <span class='ocr_line' id='line_1_66' title="bbox 608 2191 1900 2230; baseline -0.003 -9"><span class='ocrx_word' id='word_1_519' title='bbox 608 2197 634 2221; x_wconf 84' lang='lat' dir='ltr'>in</span> <span class='ocrx_word' id='word_1_520' title='bbox 655 2196 799 2230; x_wconf 78' lang='lat' dir='ltr'>Gloggniz.</span> <span class='ocrx_word' id='word_1_521' title='bbox 838 2196 1000 2222; x_wconf 71' lang='lat' dir='ltr'>Frauciseus</span> <span class='ocrx_word' id='word_1_522' title='bbox 1020 2196 1170 2229; x_wconf 76' lang='lat' dir='ltr'>Oettinger</span> <span class='ocrx_word' id='word_1_523' title='bbox 1189 2195 1313 2221; x_wconf 80' lang='lat' dir='ltr'>subdiac.</span> <span class='ocrx_word' id='word_1_524' title='bbox 1331 2194 1358 2220; x_wconf 90' lang='lat' dir='ltr'>in</span> <span class='ocrx_word' id='word_1_525' title='bbox 1379 2194 1500 2220; x_wconf 88' lang='lat' dir='ltr'>Diessen.</span> <span class='ocrx_word' id='word_1_526' title='bbox 1537 2193 1646 2218; x_wconf 78' lang='lat' dir='ltr'>Marcus</span> <span class='ocrx_word' id='word_1_527' title='bbox 1666 2191 1770 2218; x_wconf 85' lang='lat' dir='ltr'>Weber</span> <span class='ocrx_word' id='word_1_528' title='bbox 1793 2191 1852 2225; x_wconf 86' lang='lat' dir='ltr'>pbr.</span> <span class='ocrx_word' id='word_1_529' title='bbox 1871 2193 1900 2218; x_wconf 79' lang='lat' dir='ltr'>et</span> 
     </span>
     <span class='ocr_line' id='line_1_67' title="bbox 610 2234 1898 2272; baseline -0.004 -8"><span class='ocrx_word' id='word_1_530' title='bbox 610 2248 669 2265; x_wconf 82' lang='lat' dir='ltr'>can.</span> <span class='ocrx_word' id='word_1_531' title='bbox 691 2239 1052 2272; x_wconf 74' lang='lat' dir='ltr'>Claustro-neobni-gensis.</span> <span class='ocrx_word' id='word_1_532' title='bbox 1105 2238 1136 2264; x_wconf 89' lang='lat' dir='ltr'>D.</span> <span class='ocrx_word' id='word_1_533' title='bbox 1159 2239 1274 2264; x_wconf 81' lang='lat' dir='ltr'>Ioannes</span> <span class='ocrx_word' id='word_1_534' title='bbox 1300 2236 1509 2262; x_wconf 80' lang='lat' dir='ltr'>Ffinffleiittner</span> <span class='ocrx_word' id='word_1_535' title='bbox 1536 2244 1614 2268; x_wconf 72' lang='lat' dir='ltr'>ppos</span> <span class='ocrx_word' id='word_1_536' title='bbox 1636 2234 1671 2260; x_wconf 87' lang='lat' dir='ltr'>ad</span> <span class='ocrx_word' id='word_1_537' title='bbox 1699 2234 1755 2260; x_wconf 70' lang='grc'><strong>811111</strong></span> <span class='ocrx_word' id='word_1_538' title='bbox 1784 2234 1898 2267; x_wconf 82' lang='lat' dir='ltr'>Hyppo-</span> 
     </span>
     <span class='ocr_line' id='line_1_68' title="bbox 609 2281 746 2315; baseline 0.007 -9"><span class='ocrx_word' id='word_1_539' title='bbox 609 2281 746 2315; x_wconf 52' lang='lat' dir='ltr'>litumstb]</span> 
     </span>
    </p>
   </div>
   <div class='ocr_carea' id='block_1_33' title="bbox 561 2328 1900 2491">
    <p class='ocr_par' dir='ltr' id='par_1_34' title="bbox 561 2328 1900 2491">
     <span class='ocr_line' id='line_1_69' title="bbox 561 2328 1898 2367; baseline -0.003 -9"><span class='ocrx_word' id='word_1_540' title='bbox 561 2333 633 2358; x_wconf 80' lang='lat' dir='ltr'>Arno</span> <span class='ocrx_word' id='word_1_541' title='bbox 647 2342 724 2366; x_wconf 80' lang='lat' dir='ltr'>ppos.</span> <span class='ocrx_word' id='word_1_542' title='bbox 739 2333 766 2358; x_wconf 87' lang='lat' dir='ltr'>in</span> <span class='ocrx_word' id='word_1_543' title='bbox 783 2333 1028 2367; x_wconf 58' lang='lat' dir='ltr'>Reieherspergz1³&gt;</span> <span class='ocrx_word' id='word_1_544' title='bbox 1067 2333 1217 2359; x_wconf 87' lang='lat' dir='ltr'>Ernbertus</span> <span class='ocrx_word' id='word_1_545' title='bbox 1237 2342 1261 2358; x_wconf 85' lang='lat' dir='ltr'>n.</span> <span class='ocrx_word' id='word_1_546' title='bbox 1273 2341 1295 2358; x_wconf 87' lang='lat' dir='ltr'>c.</span> <span class='ocrx_word' id='word_1_547' title='bbox 1307 2341 1346 2357; x_wconf 81' lang='lat' dir='ltr'>cv.</span> <span class='ocrx_word' id='word_1_548' title='bbox 1384 2330 1534 2357; x_wconf 79' lang='lat' dir='ltr'>Henericus</span> <span class='ocrx_word' id='word_1_549' title='bbox 1547 2338 1588 2356; x_wconf 88' lang='lat' dir='ltr'>cv.</span> <span class='ocrx_word' id='word_1_550' title='bbox 1625 2328 1749 2354; x_wconf 78' lang='lat' dir='ltr'>Barbara</span> <span class='ocrx_word' id='word_1_551' title='bbox 1763 2329 1898 2362; x_wconf 55' lang='lat' dir='ltr'>Xl&#39;oppin-</span> 
     </span>
     <span class='ocr_line' id='line_1_70' title="bbox 607 2371 1899 2409; baseline -0.002 -9"><span class='ocrx_word' id='word_1_552' title='bbox 607 2375 685 2408; x_wconf 80' lang='lat' dir='ltr'>gerin</span> <span class='ocrx_word' id='word_1_553' title='bbox 709 2376 740 2401; x_wconf 69' lang='grc'><strong>111.</strong></span> <span class='ocrx_word' id='word_1_554' title='bbox 784 2376 824 2409; x_wconf 89' lang='lat' dir='ltr'>[P.</span> <span class='ocrx_word' id='word_1_555' title='bbox 845 2376 990 2402; x_wconf 77' lang='lat' dir='ltr'>Udalricus</span> <span class='ocrx_word' id='word_1_556' title='bbox 1018 2385 1077 2402; x_wconf 76' lang='lat' dir='ltr'>can.</span> <span class='ocrx_word' id='word_1_557' title='bbox 1100 2376 1127 2401; x_wconf 86' lang='lat' dir='ltr'>in</span> <span class='ocrx_word' id='word_1_558' title='bbox 1151 2375 1302 2401; x_wconf 82' lang='lat' dir='ltr'>Chiemsee.</span> <span class='ocrx_word' id='word_1_559' title='bbox 1344 2373 1507 2400; x_wconf 75' lang='lat' dir='ltr'>Vincentius</span> <span class='ocrx_word' id='word_1_560' title='bbox 1534 2373 1593 2406; x_wconf 90' lang='lat' dir='ltr'>pbr.</span> <span class='ocrx_word' id='word_1_561' title='bbox 1611 2376 1639 2398; x_wconf 81' lang='lat' dir='ltr'>et</span> <span class='ocrx_word' id='word_1_562' title='bbox 1665 2380 1722 2398; x_wconf 83' lang='lat' dir='ltr'>can.</span> <span class='ocrx_word' id='word_1_563' title='bbox 1741 2371 1769 2397; x_wconf 89' lang='lat' dir='ltr'>in</span> <span class='ocrx_word' id='word_1_564' title='bbox 1795 2371 1899 2398; x_wconf 80' lang='lat' dir='ltr'>Andex.</span> 
     </span>
     <span class='ocr_line' id='line_1_71' title="bbox 610 2414 1900 2451; baseline -0.003 -8"><span class='ocrx_word' id='word_1_565' title='bbox 610 2417 638 2443; x_wconf 84' lang='lat' dir='ltr'>P.</span> <span class='ocrx_word' id='word_1_566' title='bbox 653 2418 786 2451; x_wconf 75' lang='lat' dir='ltr'>Aegidius</span> <span class='ocrx_word' id='word_1_567' title='bbox 810 2418 837 2443; x_wconf 90' lang='lat' dir='ltr'>in</span> <span class='ocrx_word' id='word_1_568' title='bbox 858 2418 1020 2444; x_wconf 79' lang='lat' dir='ltr'>Formbach.</span> <span class='ocrx_word' id='word_1_569' title='bbox 1063 2418 1199 2444; x_wconf 87' lang='lat' dir='ltr'>Melchior</span> <span class='ocrx_word' id='word_1_570' title='bbox 1218 2417 1380 2443; x_wconf 84' lang='lat' dir='ltr'>Brunhover</span> <span class='ocrx_word' id='word_1_571' title='bbox 1403 2426 1429 2442; x_wconf 90' lang='lat' dir='ltr'>n.</span> <span class='ocrx_word' id='word_1_572' title='bbox 1448 2425 1469 2442; x_wconf 80' lang='lat' dir='ltr'>c.</span> <span class='ocrx_word' id='word_1_573' title='bbox 1489 2416 1549 2449; x_wconf 87' lang='lat' dir='ltr'>pbr.</span> <span class='ocrx_word' id='word_1_574' title='bbox 1566 2416 1593 2441; x_wconf 68' lang='lat' dir='ltr'>et</span> <span class='ocrx_word' id='word_1_575' title='bbox 1612 2424 1647 2440; x_wconf 85' lang='lat' dir='ltr'>m.</span> <span class='ocrx_word' id='word_1_576' title='bbox 1689 2414 1718 2439; x_wconf 88' lang='lat' dir='ltr'>P.</span> <span class='ocrx_word' id='word_1_577' title='bbox 1732 2414 1900 2440; x_wconf 73' lang='lat' dir='ltr'>Wilhelmus</span> 
     </span>
     <span class='ocr_line' id='line_1_72' title="bbox 612 2459 1519 2491; baseline -0.002 -6"><span class='ocrx_word' id='word_1_578' title='bbox 612 2460 724 2486; x_wconf 43' lang='lat' dir='ltr'>Hans-ter</span> <span class='ocrx_word' id='word_1_579' title='bbox 743 2469 801 2486; x_wconf 76' lang='lat' dir='ltr'>eun.</span> <span class='ocrx_word' id='word_1_580' title='bbox 816 2461 844 2486; x_wconf 84' lang='lat' dir='ltr'>in</span> <span class='ocrx_word' id='word_1_581' title='bbox 864 2461 945 2487; x_wconf 68' lang='lat' dir='ltr'>Rohr⁴</span> <span class='ocrx_word' id='word_1_582' title='bbox 984 2462 1013 2487; x_wconf 90' lang='lat' dir='ltr'>P.</span> <span class='ocrx_word' id='word_1_583' title='bbox 1028 2460 1202 2487; x_wconf 72' lang='lat' dir='ltr'>Christianus</span> <span class='ocrx_word' id='word_1_584' title='bbox 1223 2460 1290 2486; x_wconf 87' lang='lat' dir='ltr'>Heel</span> <span class='ocrx_word' id='word_1_585' title='bbox 1311 2460 1338 2485; x_wconf 94' lang='lat' dir='ltr'>in</span> <span class='ocrx_word' id='word_1_586' title='bbox 1360 2459 1519 2491; x_wconf 59' lang='lat' dir='ltr'>Lamban-h]</span> 
     </span>
    </p>
   </div>
   <div class='ocr_carea' id='block_1_34' title="bbox 1525 2529 1648 2531">
    <p class='ocr_par' dir='ltr' id='par_1_35' title="bbox 1525 2529 1648 2531">
     <span class='ocr_line' id='line_1_73' title="bbox 1525 2529 1648 2531; baseline 0 0"><span class='ocrx_word' id='word_1_587' title='bbox 1525 2529 1648 2531; x_wconf 95' lang='lat' dir='ltr'> </span> 
     </span>
    </p>
   </div>
   <div class='ocr_carea' id='block_1_35' title="bbox 252 2585 1900 2663">
    <p class='ocr_par' dir='ltr' id='par_1_36' title="bbox 252 2585 1900 2663">
     <span class='ocr_line' id='line_1_74' title="bbox 356 2585 1898 2620; baseline -0.001 -9"><span class='ocrx_word' id='word_1_588' title='bbox 356 2588 374 2619; x_wconf 87' lang='lat'>¹)</span> <span class='ocrx_word' id='word_1_589' title='bbox 399 2585 442 2612; x_wconf 82' lang='lat' dir='ltr'>Ob.</span> <span class='ocrx_word' id='word_1_590' title='bbox 453 2595 476 2611; x_wconf 78' lang='grc' dir='ltr'>α,</span> <span class='ocrx_word' id='word_1_591' title='bbox 489 2589 558 2617; x_wconf 75' lang='lat'>1563,</span> <span class='ocrx_word' id='word_1_592' title='bbox 577 2586 608 2611; x_wconf 76' lang='lat' dir='ltr'>de</span> <span class='ocrx_word' id='word_1_593' title='bbox 626 2586 669 2611; x_wconf 77' lang='lat' dir='ltr'>die</span> <span class='ocrx_word' id='word_1_594' title='bbox 688 2587 774 2612; x_wconf 74' lang='lat' dir='ltr'>obitus</span> <span class='ocrx_word' id='word_1_595' title='bbox 791 2587 958 2613; x_wconf 69' lang='lat' dir='ltr'>dissentimzt.</span> <span class='ocrx_word' id='word_1_596' title='bbox 1041 2591 1060 2620; x_wconf 70' lang='lat'>²)</span> <span class='ocrx_word' id='word_1_597' title='bbox 1085 2588 1129 2614; x_wconf 70' lang='lat' dir='ltr'>Ob.</span> <span class='ocrx_word' id='word_1_598' title='bbox 1143 2598 1167 2614; x_wconf 86' lang='grc' dir='ltr'>α,</span> <span class='ocrx_word' id='word_1_599' title='bbox 1182 2592 1254 2619; x_wconf 74' lang='grc'><strong>1598,</strong></span> <span class='ocrx_word' id='word_1_600' title='bbox 1272 2587 1315 2613; x_wconf 76' lang='lat' dir='ltr'>serl</span> <span class='ocrx_word' id='word_1_601' title='bbox 1328 2587 1404 2613; x_wconf 75' lang='lat' dir='ltr'>Febr.</span> <span class='ocrx_word' id='word_1_602' title='bbox 1418 2591 1447 2612; x_wconf 80' lang='lat'>19</span> <span class='ocrx_word' id='word_1_603' title='bbox 1460 2589 1489 2612; x_wconf 75' lang='lat' dir='ltr'>ut</span> <span class='ocrx_word' id='word_1_604' title='bbox 1503 2586 1611 2612; x_wconf 68' lang='lat' dir='ltr'>videtur.</span> <span class='ocrx_word' id='word_1_605' title='bbox 1697 2587 1716 2618; x_wconf 80' lang='lat'>³)</span> <span class='ocrx_word' id='word_1_606' title='bbox 1738 2585 1783 2610; x_wconf 80' lang='lat' dir='ltr'>Ob.</span> <span class='ocrx_word' id='word_1_607' title='bbox 1795 2594 1818 2610; x_wconf 82' lang='grc' dir='ltr'>α.</span> <span class='ocrx_word' id='word_1_608' title='bbox 1832 2589 1898 2611; x_wconf 68' lang='lat'>1592.</span> 
     </span>
     <span class='ocr_line' id='line_1_75' title="bbox 252 2627 1900 2663; baseline -0.001 -8"><span class='ocrx_word' id='word_1_609' title='bbox 252 2631 273 2661; x_wconf 75' lang='lat'>⁴)</span> <span class='ocrx_word' id='word_1_610' title='bbox 296 2629 341 2655; x_wconf 67' lang='grc' dir='ltr'><em>ΟΖ).</em></span> <span class='ocrx_word' id='word_1_611' title='bbox 356 2638 380 2655; x_wconf 83' lang='grc' dir='ltr'>ιι.</span> <span class='ocrx_word' id='word_1_612' title='bbox 395 2632 467 2654; x_wconf 82' lang='lat'>1601.</span> <span class='ocrx_word' id='word_1_613' title='bbox 503 2628 545 2654; x_wconf 80' lang='lat' dir='ltr'>De</span> <span class='ocrx_word' id='word_1_614' title='bbox 559 2629 601 2654; x_wconf 77' lang='lat' dir='ltr'>die</span> <span class='ocrx_word' id='word_1_615' title='bbox 613 2629 697 2655; x_wconf 64' lang='lat' dir='ltr'>obitas</span> <span class='ocrx_word' id='word_1_616' title='bbox 710 2629 881 2656; x_wconf 72' lang='lat' dir='ltr'>dissentiunt.</span> <span class='ocrx_word' id='word_1_617' title='bbox 980 2633 1000 2663; x_wconf 73' lang='lat'>⁵)</span> <span class='ocrx_word' id='word_1_618' title='bbox 1021 2631 1066 2657; x_wconf 85' lang='lat' dir='ltr'>Ob.</span> <span class='ocrx_word' id='word_1_619' title='bbox 1080 2640 1105 2657; x_wconf 82' lang='lat' dir='ltr'>a.</span> <span class='ocrx_word' id='word_1_620' title='bbox 1120 2635 1188 2657; x_wconf 71' lang='lat'>1579.</span> <span class='ocrx_word' id='word_1_621' title='bbox 1287 2632 1307 2662; x_wconf 64' lang='grc' dir='ltr'>θ)</span> <span class='ocrx_word' id='word_1_622' title='bbox 1327 2629 1486 2656; x_wconf 64' lang='lat' dir='ltr'>Bevmlictus</span> <span class='ocrx_word' id='word_1_623' title='bbox 1500 2629 1548 2660; x_wconf 77' lang='grc' dir='ltr'><em>ΙΙ..</em></span> <span class='ocrx_word' id='word_1_624' title='bbox 1568 2629 1606 2655; x_wconf 82' lang='lat' dir='ltr'>ob.</span> <span class='ocrx_word' id='word_1_625' title='bbox 1620 2637 1645 2655; x_wconf 80' lang='lat' dir='ltr'>a.</span> <span class='ocrx_word' id='word_1_626' title='bbox 1658 2632 1724 2654; x_wconf 77' lang='lat'>1675.</span> <span class='ocrx_word' id='word_1_627' title='bbox 1824 2629 1844 2660; x_wconf 76' lang='grc' dir='ltr'>τ)</span> <span class='ocrx_word' id='word_1_628' title='bbox 1863 2627 1900 2653; x_wconf 74' lang='lat' dir='ltr'>In</span> 
     </span>
    </p>
   </div>
   <div class='ocr_carea' id='block_1_36' title="bbox 251 2670 548 2698">
    <p class='ocr_par' dir='ltr' id='par_1_37' title="bbox 251 2670 548 2698">
     <span class='ocr_line' id='line_1_76' title="bbox 251 2670 548 2698; baseline -0.007 0"><span class='ocrx_word' id='word_1_629' title='bbox 251 2673 315 2698; x_wconf 78' lang='lat' dir='ltr'>serie</span> <span class='ocrx_word' id='word_1_630' title='bbox 334 2671 457 2697; x_wconf 68' lang='lat' dir='ltr'>abbatum</span> <span class='ocrx_word' id='word_1_631' title='bbox 476 2670 548 2696; x_wconf 74' lang='lat' dir='ltr'>deest.</span> 
     </span>
    </p>
   </div>
   <div class='ocr_carea' id='block_1_37' title="bbox 251 2714 479 2746">
    <p class='ocr_par' dir='ltr' id='par_1_38' title="bbox 251 2714 479 2746">
     <span class='ocr_line' id='line_1_77' title="bbox 251 2714 479 2746; baseline -0.004 -6"><span class='ocrx_word' id='word_1_632' title='bbox 251 2715 364 2740; x_wconf 65' lang='lat' dir='ltr'>discerni</span> <span class='ocrx_word' id='word_1_633' title='bbox 382 2714 479 2746; x_wconf 67' lang='lat' dir='ltr'>nequit.</span> 
     </span>
    </p>
   </div>
   <div class='ocr_carea' id='block_1_38' title="bbox 589 2670 1901 2746">
    <p class='ocr_par' dir='ltr' id='par_1_39' title="bbox 589 2670 1901 2746">
     <span class='ocr_line' id='line_1_78' title="bbox 655 2670 1901 2706; baseline -0.002 -8"><span class='ocrx_word' id='word_1_634' title='bbox 655 2674 675 2703; x_wconf 72' lang='lat'>⁸)</span> <span class='ocrx_word' id='word_1_635' title='bbox 694 2673 758 2698; x_wconf 73' lang='lat' dir='ltr'>Dies</span> <span class='ocrx_word' id='word_1_636' title='bbox 780 2673 871 2698; x_wconf 61' lang='lat' dir='ltr'>anazir.</span> <span class='ocrx_word' id='word_1_637' title='bbox 890 2673 926 2698; x_wconf 76' lang='lat' dir='ltr'>ad</span> <span class='ocrx_word' id='word_1_638' title='bbox 950 2674 1051 2698; x_wconf 73' lang='lat' dir='ltr'>nullum</span> <span class='ocrx_word' id='word_1_639' title='bbox 1072 2674 1249 2700; x_wconf 63' lang='lat' dir='ltr'>Bernardum</span> <span class='ocrx_word' id='word_1_640' title='bbox 1267 2673 1362 2704; x_wconf 67' lang='lat' dir='ltr'>referri</span> <span class='ocrx_word' id='word_1_641' title='bbox 1377 2675 1472 2706; x_wconf 71' lang='lat' dir='ltr'>potest.</span> <span class='ocrx_word' id='word_1_642' title='bbox 1579 2674 1600 2703; x_wconf 83' lang='lat'>⁹)</span> <span class='ocrx_word' id='word_1_643' title='bbox 1619 2670 1663 2697; x_wconf 76' lang='lat' dir='ltr'>Ad</span> <span class='ocrx_word' id='word_1_644' title='bbox 1681 2678 1745 2703; x_wconf 78' lang='lat' dir='ltr'>quos</span> <span class='ocrx_word' id='word_1_645' title='bbox 1759 2670 1901 2703; x_wconf 71' lang='lat' dir='ltr'>pertineat,</span> 
     </span>
     <span class='ocr_line' id='line_1_79' title="bbox 589 2714 1813 2746; baseline 0.001 -8"><span class='ocrx_word' id='word_1_646' title='bbox 589 2716 620 2742; x_wconf 63' lang='lat'>¹⁰&gt;</span> <span class='ocrx_word' id='word_1_647' title='bbox 642 2714 686 2740; x_wconf 74' lang='lat' dir='ltr'>Ob.</span> <span class='ocrx_word' id='word_1_648' title='bbox 702 2724 724 2739; x_wconf 70' lang='lat' dir='ltr'>a.</span> <span class='ocrx_word' id='word_1_649' title='bbox 740 2719 811 2741; x_wconf 67' lang='lat'>1456.</span> <span class='ocrx_word' id='word_1_650' title='bbox 921 2718 951 2743; x_wconf 60' lang='grc'><strong>11)</strong></span> <span class='ocrx_word' id='word_1_651' title='bbox 973 2716 1018 2742; x_wconf 82' lang='lat' dir='ltr'>Ob.</span> <span class='ocrx_word' id='word_1_652' title='bbox 1033 2725 1057 2742; x_wconf 79' lang='lat' dir='ltr'>a.</span> <span class='ocrx_word' id='word_1_653' title='bbox 1075 2720 1147 2743; x_wconf 80' lang='lat'>1:335.</span> <span class='ocrx_word' id='word_1_654' title='bbox 1256 2718 1288 2746; x_wconf 81' lang='lat'>¹²)</span> <span class='ocrx_word' id='word_1_655' title='bbox 1312 2716 1357 2742; x_wconf 81' lang='lat' dir='ltr'>Ob.</span> <span class='ocrx_word' id='word_1_656' title='bbox 1371 2724 1395 2742; x_wconf 75' lang='lat' dir='ltr'>a.</span> <span class='ocrx_word' id='word_1_657' title='bbox 1411 2719 1476 2742; x_wconf 83' lang='lat'>1661.</span> <span class='ocrx_word' id='word_1_658' title='bbox 1584 2716 1617 2746; x_wconf 71' lang='grc'>13)</span> <span class='ocrx_word' id='word_1_659' title='bbox 1639 2714 1683 2740; x_wconf 90' lang='lat' dir='ltr'>Ob.</span> <span class='ocrx_word' id='word_1_660' title='bbox 1698 2722 1722 2740; x_wconf 79' lang='lat' dir='ltr'>a.</span> <span class='ocrx_word' id='word_1_661' title='bbox 1738 2717 1813 2740; x_wconf 78' lang='lat'>1175.</span> 
     </span>
    </p>
   </div>
  </div>
 </body>
</html>
