2054 2948
273 108 334 139 128
863 100 1047 128 DIOECESIS
1067 98 1324 126 PASSAVIENSIS.

426 329 470 364 A.
514 318 744 365 NOTAE
780 315 1312 363 NECROLOGICAE
1346 313 1769 361 MONASTERII

677 391 721 436 S.
751 389 1031 436 NICOLAI
1065 387 1521 433 PATAVIENSIS.

960 506 1234 543 IANUARIUS.

331 592 378 619 VI.
391 592 428 619 id.
513 592 537 619 8.
583 586 806 619 Chunradus
831 586 875 617 de
900 585 1117 626 Griezpaoh
1140 584 1216 625 pbr.

942 708 969 742 F
972 707 1259 743 EBRUARIUS.

353 763 465 789 ILnon.
519 762 542 787 4.
588 757 740 788 Albertus
763 757 830 797 pbr.

400 821 462 839 non.
515 813 540 838 5.
585 807 771 848 Leupoldus
794 807 918 849 pp08.1)

309 864 385 890 XIII.
398 864 454 890 kaI.
500 864 540 889 17.
586 859 775 890 Chunradus
799 859 922 900 ppos.²)

350 916 382 942 V.
395 916 452 942 kal.
498 914 540 941 25.
587 909 811 941 chunradus
835 910 1138 951 Poppenperger
1161 908 1237 950 pbr.

988 1031 1216 1067 MARTIUS.

339 1111 387 1137 III.
401 1118 462 1136 non.
517 1111 540 1136 5.
585 1106 749 1137 Ditmarus
772 1105 841 1147 pbr.
860 1105 897 1136 fr.
915 1116 943 1136 n.
963 1105 1013 1136 ob.

354 1162 386 1188 V.
399 1162 436 1188 id.
501 1161 541 1187 11.
588 1156 811 1188 Chunradus
834 1157 996 1188 Boemus
1019 1156 1097 1197 pbr.

351 1213 385 1238 II.
399 1212 435 1238 id·
501 1213 541 1238 14.
588 1208 788 1239 Gotfridus
813 1207 906 1239 diac.

312 1264 386 1290 XIII.
400 1264 456 1290 kal.
501 1264 542 1290 20.
587 1260 724 1291 Iacobus
748 1260 816 1301 pbr.
833 1263 866 1291 et
889 1260 958 1290 dec.
975 1259 1005 1290 h.
1024 1259 1113 1290 ecclie
1137 1259 1187 1290 ob.

327 1315 388 1341 VII.
402 1315 457 1341 kal.
502 1315 543 1340 26.
590 1311 649 1342 Ob.
666 1312 793 1342 Ulricus
816 1311 884 1352 pbr.
903 1311 1005 1342 dietus
1029 1311 1068 1341 de
1092 1310 1255 1342 Rosental.

342 1366 389 1393 VI.
402 1366 457 1392 kal.
502 1366 543 1392 27.
588 1362 802 1403 Diepoldus
825 1363 902 1403 pbr.
947 1361 1129 1393 Fridericus
1152 1362 1221 1403 pbr.

1001 1484 1201 1520 APRILIS.

340 1563 384 1589 VI.
398 1564 434 1589 id.
516 1564 540 1590 8.
587 1559 716 1595 Chuno
740 1559 816 1600 pbr.
863 1559 1065 1590 Liebhardus
1088 1559 1156 1600 pbr.
1175 1558 1226 1590 ob.

336 1615 383 1641 IV.
397 1615 433 1641 id.
502 1615 541 1642 10.
587 1610 810 1642 Ekehardus
834 1610 909 1651 pbr.

337 1666 433 1692 111.id.
501 1666 540 1693 11.
586 1662 815 1701 Hertwicus,
840 1661 1089 1693 Peritholdus
1113 1661 1203 1702 pbri.
1253 1661 1468 1692 Perchtoldus
1492 1661 1561 1702 pbr.
1579 1672 1608 1692 n.

284 1717 385 1743 XVIII.
400 1717 456 1743 kal.
501 1717 542 1742 14.
589 1714 665 1743 Otto
689 1712 758 1753 pbr.
777 1713 827 1743 ob.

313 1768 386 1794 XIII.
400 1768 456 1794 kal.
502 1768 542 1794 19.
588 1763 812 1794 Gebhardus
836 1764 913 1805 pbr.

338 1821 383 1847 IX.
397 1821 454 1846 kal.
500 1819 541 1846 23.
588 1815 758 1846 Gerboto
782 1816 917 1856 pp05.³)

325 1871 454 1897 VILkal.
499 1871 540 1896 24.
586 1866 737 1897 Ulricus
761 1867 895 1908 ppos.4)
942 1866 1146 1897 Heinrieus
1170 1866 1247 1907 pbr.

1028 1989 1186 2025 MAIUS.

405 2068 461 2094 kal.
522 2068 544 2094 1.
590 2063 741 2094 Ulrious
765 2063 808 2095 de
833 2063 932 2094 Wels
956 2064 1034 2105 pbr.

344 2118 390 2143 III.
404 2117 440 2143 id.
506 2118 547 2145 13.
593 2114 779 2145 Chalhohus
804 2115 872 2156 pbr.

331 2169 460 2195 XIIkal.
504 2169 544 2195 21.
590 2165 761 2197 Hainricus
785 2166 887 2197 dictus
912 2166 1099 2198 Gresniczer
1123 2166 1191 2208 pbr.

346 2220 391 2246 IX.
405 2220 460 2246 kal.
505 2221 545 2246 24.
591 2217 718 2248 Ulricus
742 2218 781 2248 de
806 2217 913 2249 Salina
936 2218 1004 2259 pbr.

358 2271 390 2297 V.
405 2271 459 2297 kal.
505 2271 545 2297 28.
591 2268 761 2308 Mychahel
786 2268 854 2309 pbr.
873 2269 922 2299 ob.

1022 2357 1192 2393 IUNIUS.

408 2441 473 2459 non.
526 2433 550 2460 5.
597 2429 818 2460 Chunradus
842 2431 969 2462 senior
992 2431 1070 2472 pbr.

346 2484 393 2509 XI.
406 2484 462 2510 kal.
509 2484 549 2510 21.
595 2480 810 2522 Meingotus
834 2482 926 2513 diae.

348 2533 394 2559 VI.
409 2534 464 2559 kal.
509 2534 549 2560 26.
594 2532 742 2563 Andreas
766 2532 833 2573 pbr.
852 2543 919 2563 can.
937 2533 967 2564 h.
986 2533 1076 2564 eche
1100 2533 1139 2564 de
1165 2533 1284 2564 Libera
1308 2533 1447 2565 Civitate
1472 2533 1521 2565 ob.

393 2659 411 2689 ¹)
441 2657 484 2684 Ob.
501 2661 561 2690 post
586 2667 610 2684 ιι.
634 2662 704 2685 1284.
828 2661 848 2692 ²)
878 2661 924 2687 Ob.
943 2670 967 2687 α.
990 2664 1058 2688 1303.
1183 2663 1203 2694 ³)
1230 2661 1273 2688 Ob.
1291 2664 1352 2694 post
1377 2671 1401 2687 α.
1421 2665 1488 2688 1257.
1614 2662 1634 2694 ⁴)
1663 2661 1768 2688 Ulricus
1794 2660 1867 2694 HL,
1896 2660 1935 2687 ob.

224 2726 227 2729 ,
285 2702 349 2733 post
367 2709 390 2727 α.
412 2703 481 2726 1320.
