2054 2948
259 86 320 116 346
868 80 1051 107 DIOECESIS
1070 79 1296 107 LENTIENSIS.

620 168 694 193 trum
714 166 877 201 Salisburgi.
909 166 1044 193 Henricus
1064 166 1123 200 pbr.
1137 166 1171 192 de
1191 165 1266 191 Cella
1279 165 1394 191 Mariae.
1425 165 1572 200 Gregorius
1590 166 1650 199 pbr.
1664 166 1700 193 ad
1713 166 1770 193 Sum
1784 167 1904 195 Petrum.

618 209 647 236 P.
662 210 739 236 oddo
758 210 845 236 Behm
865 217 1029 235 oeconomus
1047 219 1071 235 n.
1087 217 1108 234 c.
1116 209 1139 241 ³)
1174 208 1331 242 Leopoldus
1350 207 1409 241 pbr.
1425 208 1632 235 Gottwicensis.

336 253 368 279 V.
382 253 438 279 kal.
485 253 525 279 27.
572 251 620 278 Ob.
642 253 735 279 Simon
755 253 788 279 de
807 252 926 283 Mellieo,
947 252 1082 286 Georgius
1100 252 1134 277 de
1155 251 1295 278 Gottwico
1314 251 1383 284 pbri.
1424 251 1621 285 Ioannesbpbr.
1635 252 1668 278 de
1687 252 1757 278 Attl.
1793 253 1910 278 Ioannes

617 296 750 323 Nicolaus
769 296 935 322 Prudentius
959 305 983 322 n.
1000 304 1021 322 c.
1041 296 1124 329 prior.
1168 294 1312 328 Religiosa
1335 294 1415 327 virgo
1437 294 1535 320 Maria.
1578 294 1728 321 Wiltrudis
1752 294 1860 321 smonliss
1878 294 1908 320 in

616 339 830 366 Hochenwarth.
875 339 905 364 D.
926 338 1057 365 Placidus
1085 338 1148 364 abb.
1169 337 1413 368 Cremifanensis.¹)
1459 338 1575 363 Ioannes
1603 337 1662 371 pbr.
1682 346 1708 364 n.
1727 346 1748 363 c.
1794 337 1910 364 Ioannes

617 381 693 416 prior
712 382 740 408 in
760 381 946 408 Mallerstorff.
983 381 1157 415 Augustinus
1178 380 1235 414 pbr.
1252 380 1281 406 in
1302 380 1431 406 Admont.
1469 379 1650 406 Sebastianus
1669 380 1726 407 dec.
1740 380 1769 406 in
1787 379 1908 413 Polling.

618 424 791 451 Coelestinus
809 424 868 458 pbr.
883 423 912 449 in
932 423 1094 450 Formbacb.

317 467 364 494 IV.
378 467 434 493 kal.
480 467 520 493 28.
566 467 615 493 Ob.
633 467 773 493 Conradus
786 467 820 493 de
833 467 969 501 Augusta.
989 466 1150 492 Ambrosius
1164 475 1189 491 n.
1204 474 1225 491 c.
1257 465 1401 496 Sebaldus‚
1422 465 1589 497 Ambrosius,
1609 465 1822 498 christophorus
1836 465 1906 498 pbri,

615 511 645 536 fr.
669 510 834 536 Benedictus
858 509 996 540 subdiac..
1025 508 1131 539 Sixtus,
1161 508 1277 538 Paulus,
1302 508 1483 534 Sebastianus
1505 508 1577 534 novii
1599 517 1624 534 n.
1639 517 1660 534 c.
1703 508 1820 534 Iacobus
1846 508 1906 542 pbr.

616 554 645 579 et
667 561 721 578 sen.
742 552 775 578 de
795 552 942 578 Gottwico.
984 552 1101 578 Ioannes
1126 551 1185 585 pbr.
1204 550 1316 577 ibidem.
1362 550 1505 585 Religiosa
1527 550 1606 584 virgo
1630 552 1711 577 Anna
1732 550 1908 577 Scholastica

618 596 695 628 prosa
718 595 746 620 in
771 595 986 621 Hochenwarth.
1032 594 1135 620 Paulus
1162 594 1222 628 pbr.
1245 595 1275 620 et
1307 602 1363 620 sen.
1391 594 1420 620 in
1446 593 1608 628 Tegernsee.
1657 593 1792 627 Iosephus
1815 602 1855 620 cv.
1880 593 1907 619 in

615 638 692 664 Seon.

313 681 361 707 III.
374 681 430 707 kal.
476 680 519 706 29.
565 679 619 706 Ob.
641 680 672 706 D.
691 680 832 706 Conradus
859 680 922 706 abb.
941 680 969 706 in
992 680 1179 713 Tegernsee.²)
1222 679 1339 706 Ioannes
1363 678 1438 712 prior
1460 678 1573 705 ibidem.
1618 678 1756 705 Matthias
1781 679 1856 712 prior
1878 679 1907 705 in

615 723 832 749 Creinsminster.
865 723 1022 750 Fridericus
1041 723 1102 757 pbr.
1118 722 1212 750 Cellae
1225 723 1339 749 Mariae.
1370 721 1544 756 Augustinus
1562 722 1622 756 pbr.
1637 722 1670 748 de
1690 721 1908 748 Cremsminster.

616 765 783 792 Benedictus
808 765 866 799 pbr.
886 765 914 791 in
939 765 1101 800 Tegernsee.
1147 765 1174 791 D.
1189 765 1370 792 Sebastianus
1393 765 1457 791 abb.
1476 765 1508 791 de
1532 764 1720 798 Formbach.³)
1761 764 1909 798 Gregorius

615 808 691 842 prior
710 808 738 834 in
759 808 861 834 Altach
881 808 1030 842 Superiori.
1069 808 1245 835 Christianus
1268 809 1328 842 pbr.
1347 808 1380 834 de
1400 808 1641 842 Closterneuburg.
1678 807 1827 841 Gregorius
1846 807 1907 841 pbr.

615 851 644 876 in
664 851 784 884 Aspach.
823 850 980 877 Richardus
999 851 1058 884 pbr.
1074 851 1276 878 Adniontensis.
1315 851 1345 878 D.
1361 851 1501 885 Rupertus
1519 851 1583 878 abb.
1597 851 1626 877 in
1645 851 1745 884 Rott.⁴)
1781 850 1909 885 Ignatius

616 902 674 919 can.
690 894 718 919 in
738 893 939 920 Waldhausen.

330 937 365 962 II.
380 937 435 963 kal.
481 936 522 962 30.
569 936 618 962 Ob.
639 936 754 962 Ioannes
773 937 832 970 pbr.
852 937 885 963 de
905 936 1122 963 Cremsminster.
1164 936 1336 964 Gotthardus
1355 937 1414 971 pbr.
1433 937 1461 963 in
1481 937 1642 970 Tegernsee.
1680 936 1860 963 Sebastianus
1880 938 1908 963 et

615 979 748 1013 Aegidius
772 979 833 1013 pbr*¹
852 979 880 1005 in
907 979 1116 1013 Reichersperg.
1160 980 1259 1006 Petrus
1282 980 1342 1013 pbr.
1360 980 1393 1006 de
1412 979 1572 1013 Salzburga.
1614 979 1749 1006 Nicolaus
1775 979 1851 1013 prior
1875 979 1909 1005 de

615 1022 882 1056 Weichenstephan.
914 1022 1036 1049 Michael
1057 1031 1097 1048 cv,
1113 1022 1140 1048 in
1161 1022 1403 1055 Closter-neuburg.
1438 1023 1597 1049 Ambrosius
1616 1023 1676 1056 pbr.
1690 1022 1801 1049 ibidem.
1841 1022 1907 1049 Leo-

616 1065 714 1098 poldus
734 1065 793 1098 pbr.
808 1066 836 1090 in
851 1065 1093 1099 Closterneuburg.
1128 1066 1157 1091 D.
1173 1065 1347 1092 Coelestinus
1366 1065 1429 1092 abb.
1442 1065 1692 1098 Lunaelacensis.⁵)
1722 1065 1909 1099 Engelbertus

614 1108 673 1141 pbr.
690 1107 717 1133 in
732 1108 882 1134 Lambach.
908 1108 1030 1135 Michael
1048 1108 1107 1142 pbr.
1122 1108 1150 1134 in
1164 1108 1369 1135 Seittenstettn.
1402 1108 1564 1135 Franciscus
1577 1108 1636 1142 pbr.
1650 1108 1678 1134 in
1692 1109 1760 1135 Atti.
1793 1108 1909 1134 Ioannes

617 1150 748 1185 Baptista
768 1160 825 1177 sen.
844 1151 871 1177 in
892 1151 1022 1185 Scheyrn.

1601 1247 1617 1260 ἢ

994 1271 1164 1307 IULIUS.

374 1348 431 1374 kal.
496 1348 517 1374 1.
566 1348 617 1374 Ob.
636 1348 785 1382 Gregorius
805 1348 997 1381 Sigismundus
1017 1349 1077 1382 pbr.
1096 1349 1128 1376 de
1148 1350 1251 1376 Altaeh
1270 1349 1405 1376 Inferiori.
1443 1348 1583 1375 conradus
1603 1348 1745 1382 Alopitius
1769 1349 1828 1382 pbr.
1843 1357 1868 1375 n.
1883 1357 1906 1375 c.

616 1390 763 1425 Georgius,
784 1391 978 1423 Sebastianus,
999 1392 1120 1418 Thomas
1139 1393 1200 1426 pbri
1224 1393 1257 1419 de
1277 1393 1380 1419 Altach
1400 1391 1533 1418 Inferiori.
1570 1391 1768 1418 Constantinus
1791 1391 1853 1425 pbr.
1872 1391 1905 1417 de

615 1434 693 1459 Seon.
742 1433 882 1468 Benignus
910 1436 938 1461 et
964 1434 1089 1469 Rogatus
1112 1435 1131 1461 li
1156 1436 1198 1461 cvi
1223 1435 1335 1462 ibidem.
1381 1435 1412 1461 D.
1431 1435 1561 1461 Placidus
1586 1435 1649 1461 abb.
1668 1434 1696 1460 in
1719 1434 1906 1467 Formbacbfi)

615 1476 784 1507 Maressinus,
804 1477 859 1508 Ivo,
873 1477 1004 1504 Ernestus
1023 1480 1052 1504 et
1071 1478 1189 1512 Prosper
1202 1479 1341 1512 quondam
1361 1478 1427 1509 dec.‚
1446 1486 1540 1504 omnes
1561 1478 1621 1511 pbri
1640 1478 1669 1504 in
1687 1477 1786 1504 Suben.
1819 1477 1906 1503 Urba-

614 1528 664 1545 nus
683 1520 742 1553 pbr.
756 1520 791 1545 ad
809 1519 866 1546 Sum
881 1520 992 1547 Petrum
1011 1521 1175 1555 Salisburgi.

565 1561 615 1588 Ob.
629 1561 789 1595 Stephanus
808 1563 867 1596 pbr.
881 1563 915 1589 de
936 1563 1037 1590 Altach
1057 1564 1192 1590 Inferiori.
1226 1564 1358 1598 Aegidius
1376 1564 1436 1598 pbr.
1451 1564 1484 1590 de
1504 1564 1606 1590 Altach
1626 1562 1775 1597 Superiori.
1806 1563 1905 1589 Petrus

614 1605 674 1638 pbr.
694 1605 727 1631 de
748 1605 990 1639 Closterneuburg.
1035 1607 1072 1632 Da
1088 1607 1177 1633 Maria
1196 1607 1364 1641 Magdalena
1383 1607 1453 1634 abba
1473 1606 1636 1641 Salisburgi.
1677 1606 1775 1632 Petrus
1795 1606 1855 1639 pbr.
1874 1605 1903 1631 in

615 1647 690 1673 Rott.
728 1648 896 1674 Benedictus
915 1649 975 1682 pbr.
991 1651 1019 1676 et
1039 1649 1106 1675 olim
1125 1650 1255 1683 supprior
1273 1659 1300 1676 n.
1314 1659 1336 1676 c.
1374 1650 1507 1683 Iosephus
1526 1649 1585 1683 pbr.
1600 1649 1807 1676 Gottwicensis.

334 1689 366 1715 V.
383 1697 445 1715 non.
499 1690 522 1715 3.
569 1689 620 1716 Ob.
636 1690 750 1716 Ioannes
769 1691 829 1724 pbr.
844 1691 871 1716 in
886 1691 1050 1726 Tegernsee.
1082 1694 1198 1719 loannes
1218 1695 1247 1719 et
1261 1694 1376 1719 Ioannes
1397 1693 1455 1726 pbri
1475 1693 1508 1719 de
1523 1692 1732 1726 Reichersperg.
1763 1691 1905 1717 Conradus

615 1733 675 1766 pbr.
690 1733 724 1759 ad
743 1733 799 1759 Sum
815 1734 982 1761 Florianum.
1020 1736 1132 1762 Maurus
1152 1736 1211 1769 pbr.
1225 1736 1258 1763 de
1278 1736 1495 1762 Cremsminster.
1531 1735 1614 1761 Vitus
1634 1744 1675 1762 cv.
1688 1734 1802 1761 ibidem.
1839 1734 1904 1760 Cas-

613 1784 696 1809 parus
716 1776 776 1809 pbr.
790 1777 819 1802 in
838 1778 941 1804 Altach
962 1778 1112 1812 Superiori.
1149 1779 1309 1806 Bonifacius
1329 1779 1388 1813 pbr.
1403 1778 1572 1812 Schyrensis.

317 1817 364 1844 IV.
378 1826 439 1844 non.
494 1819 517 1844 4.
564 1818 614 1844 Ob.
628 1819 743 1845 loannes
757 1828 798 1845 cv.
813 1820 845 1846 de
860 1821 994 1854 Augusta.
1027 1822 1200 1855 Hippolytus
1214 1822 1284 1849 diac.
1298 1822 1332 1848 de
1346 1822 1562 1848 Cremsminster.
1593 1821 1624 1848 D.
1638 1820 1773 1855 Georgius
1792 1822 1904 1854 ppos.⁷),

613 1861 844 1889 Bartholomaeus
873 1866 901 1890 et
925 1864 1090 1891 Franciscus
1115 1865 1185 1896 deci,
1212 1865 1381 1895 Leonardus,
1405 1865 1525 1898 Alipius,
1551 1864 1671 1895 Blasius,
1696 1863 1857 1890 Dominicus
1876 1864 1906 1889 et

610 1904 775 1931 Laurentius
803 1906 863 1939 pbri
888 1907 921 1933 de
944 1907 1045 1934 Suben.
1090 1908 1237 1942 Georgius.
1263 1909 1386 1934 Adamus
1413 1908 1485 1934 novii
1512 1907 1623 1934 ibidem.
1669 1907 1849 1941 Margaretha
1877 1908 1905 1932 et

613 1948 757 1973 Gertrudis
783 1949 895 1974 snionles
922 1950 950 1975 in
973 1950 1160 1985 Nidernburg.
1205 1952 1342 1978 Antonius
1362 1960 1402 1977 ov.
1421 1950 1630 1985 PrivlingensiS.
1666 1950 1824 1976 Honoratus
1843 1949 1903 1982 pbr.

611 1990 787 2017 Mellicensis.
825 1992 980 2019 Malachias
1000 1994 1059 2027 pbr.
1074 1994 1102 2020 in
1122 1994 1365 2028 Closter-neuburg.

314 2031 361 2058 III.
375 2040 436 2057 non.
490 2032 514 2057 5.
560 2032 610 2059 Ob.
625 2032 718 2059 Simon
732 2034 829 2060 Venck
848 2037 876 2061 et
891 2036 970 2062 Anna.
989 2045 1032 2062 ux.
1048 2037 1114 2065 eius.
1130 2037 1253 2071 insignes
1267 2037 1458 2063 benefactores
1477 2037 1511 2062 ni.
1548 2037 1663 2062 Ioannes
1683 2035 1743 2069 pbr.
1755 2035 1789 2061 (le
1802 2035 1904 2061 Altach

612 2076 745 2102 inferiori.
790 2077 906 2104 Ioannes
930 2079 991 2112 pbr.
1009 2080 1042 2106 de
1068 2080 1146 2106 Cella
1164 2080 1279 2107 Mariae.
1321 2080 1505 2114 Wolfgangus
1531 2079 1591 2112 pbr.
1608 2079 1641 2105 de
1665 2078 1785 2104 Mansee.
1822 2077 1904 2104 Wili-

612 2118 712 2144 baldus
731 2119 790 2152 pbr.
805 2120 838 2146 de
858 2120 1020 2155 Salzburga.
1052 2122 1244 2156 sigismundus
1264 2123 1324 2156 pbr.
1343 2122 1376 2149 de
1395 2122 1604 2148 Seittensteten.
1636 2121 1777 2148 Castorius
1796 2121 1857 2154 pbr.
1871 2120 1905 2146 de

611 2161 774 2194 Tegornsee.
809 2162 948 2196 Caspai-us
967 2165 1026 2198 pbr.
1041 2166 1075 2191 de
1095 2165 1314 2192 Cremsminster.
1345 2164 1500 2198 Cyprianus
1519 2164 1580 2198 pbr.
1592 2173 1617 2190 n.
1632 2173 1654 2190 c.
1684 2164 1824 2190 Romanus
1844 2163 1904 2197 pbr.

609 2204 643 2228 ad
675 2204 731 2229 Sum
751 2205 953 2233 Emmeramum
981 2207 1159 2235 Ratisbonae.
1215 2208 1379 2235 Elisabetha
1411 2208 1488 2241 profa
1515 2207 1544 2233 in
1577 2207 1711 2240 Nunberg
1738 2206 1904 2241 Salisburgi.

611 2245 746 2279 Georgius
765 2247 824 2281 pbr.
844 2249 870 2274 in
891 2249 1028 2284 Prufiing.
1065 2251 1154 2277 Maria
1178 2251 1291 2285 Agatha
1314 2259 1366 2277 sor.
1383 2251 1407 2276 1³
1430 2250 1456 2276 in
1482 2250 1617 2276 Kiebach.
1659 2249 1819 2276 Meinradus
1844 2249 1904 2283 pbr.

611 2288 639 2313 iu
659 2288 883 2317 Seittenstetten.

328 2327 362 2353 II.
376 2337 438 2353 non.
493 2329 516 2355 6.
562 2329 613 2356 Ob.
629 2331 784 2359 Hieremias
803 2334 864 2367 pbr.
878 2335 910 2361 de
930 2335 1051 2363 mellico.
1089 2336 1230 2363 Conradus
1249 2337 1309 2370 pbr.
1323 2336 1352 2362 in
1367 2337 1529 2370 Tegernsee.
1561 2335 1776 2369 Christophorus
1795 2336 1854 2369 pbr.
1868 2336 1902 2363 de

611 2374 680 2400 Attl.
717 2375 897 2403 Sebastianus
922 2378 982 2411 pbr.
1002 2379 1035 2405 de
1055 2380 1204 2406 Gottwico.
1248 2379 1432 2407 Sebastianus
1456 2379 1515 2412 pbr.
1534 2378 1716 2405 Glunicensis.
1756 2378 1901 2405 Bonaven-

611 2418 674 2442 tura
694 2418 753 2450 pbr.
772 2418 799 2444 in
821 2419 983 2454 Tegornsee.
1025 2422 1112 2448 Maria
1138 2422 1312 2456 Euphrosina
1337 2422 1413 2456 profa
1436 2421 1465 2447 in
1491 2421 1624 2448 Kiebach.
1664 2420 1786 2447 Michael
1806 2430 1847 2448 cv.
1865 2421 1901 2447 ad

612 2458 669 2484 Sum
684 2460 840 2488 Nicolaum.
878 2463 920 2489 Fr.
934 2464 1093 2491 Edmundus
1112 2465 1192 2493 diae..
1212 2465 1281 2499 prof.
1296 2464 1468 2499 Tegerensis.

319 1561 364 1587 VI.
378 1569 440 1587 non.

493 1562 518 1587 30

355 2558 377 2588 ἃ)
398 2558 431 2582 In
451 2568 531 2592 marg.
546 2561 607 2586 add.
623 2561 720 2592 †lss92.

232 2684 236 2687 .
325 2687 328 2688 .
357 2642 376 2673 ¹)
398 2642 442 2668 Ol>-
457 2651 481 2669 a·
493 2647 566 2670 1669-
708 2649 728 2677 ²)
749 2648 785 2674 H.
799 2657 824 2674 η,
838 2649 867 2681 L,
888 2650 925 2676 ob.
940 2655 1042 2677 α.1155.
1165 2654 1185 2684 ⁸)
1210 2652 1255 2679 Ob.
1270 2656 1367 2679 (1.1614
1386 2652 1534 2685 (Hminem
1552 2656 1592 2679 29.
1606 2651 1684 2686 Iuli).
1811 2653 1831 2684 ⁴)
1856 2651 1900 2678 Ob.

252 2686 359 2710 ((1698.
449 2687 469 2718 ⁵)
493 2685 662 2714 Ob.c1.1683.
752 2692 772 2721 ¹³)
798 2691 841 2717 Ob.
858 2696 966 2726 α,1673,
985 2694 1040 2720 dies
1060 2695 1131 2721 varie
1149 2695 1278 2721 traditur.
1373 2696 1393 2727 ⁷)
1417 2695 1463 2721 Ad
1480 2703 1554 2729 quem
1568 2696 1711 2729 pertineat,
1728 2694 1840 2720 dubium
1858 2697 1902 2721 est.
