2054 2948
216 93 276 123 354
829 87 1011 115 DIOECESIS
1030 87 1250 114 LENTIENSIS.

249 175 324 201 XIII.
337 174 392 200 kal.
439 174 478 201 19.
526 173 576 200 Ob.
590 173 758 200 Benedictus
777 173 848 199 diac.
861 174 895 200 de
915 173 991 200 Cella
1005 173 1117 199 Mariae.
1148 172 1281 206 Georgius
1300 172 1360 206 pbr.
1374 172 1406 198 de
1426 171 1457 198 S0
1470 172 1650 199 Emmeramo.
1682 172 1779 198 Petrus
1798 173 1860 206 pbr.

575 216 603 242 in
624 216 788 250 Tegernsee.
829 216 1020 242 Ferdinandus
1039 215 1115 250 prior
1137 215 1172 241 ad
1196 216 1253 241 sum
1265 214 1435 241 Udalrioum.
1471 214 1632 241 Matthaeus
1650 214 1710 248 pbr.
1729 214 1762 241 de
1782 214 1860 241 Cella

573 259 687 285 Mariae.
732 259 878 285 Anselmus
906 259 965 292 pbr.
988 259 1022 284 de
1050 257 1269 284 Cremsrninster.
1324 257 1451 283 Thassilo
1474 265 1515 282 cv.
1529 257 1568 289 ,(18
1594 257 1699 284 Altach
1726 257 1860 284 Inferiori.

574 302 730 335 Walburga
750 301 826 335 profa
844 301 873 327 in
892 302 1026 334 Nunberg
1045 300 1208 334 Salisburgi.

263 346 324 372 XII.
337 345 392 372 kal.
437 344 477 371 20.
524 344 573 370 Ob.
589 345 706 370 Ioannes
726 353 767 370 8ν.
785 344 819 370 (18
838 344 1000 371 Ratisbona.
1030 344 1145 369 Ioannes
1165 345 1193 369 et
1213 342 1372 369 Leonardus
1395 342 1457 376 pbri
1475 342 1508 368 de
1528 341 1605 368 Cella
1623 342 1738 369 Mariae.
1774 342 1862 377 Sigis-

574 387 691 412 mundus
719 387 779 420 pbr.
797 387 830 413 de
856 386 926 413 Attl.
974 386 1101 412 Erasmus
1126 385 1201 419 prior
1225 385 1258 411 de
1284 385 1403 411 Mansee.
1445 384 1604 411 Leonardus
1630 393 1671 411 cv.
1689 385 1722 412 de
1742 385 1863 412 Closter-

572 429 706 463 neuburg.
739 429 828 455 Ven1is
847 429 925 463 virgo
944 428 1095 462 Apollonia
1113 428 1189 462 profa
1208 428 1236 453 in
1256 427 1434 461 Nidernburg
1452 427 1587 454 Passavii.
1618 428 1674 454 Sor.
1687 427 1768 454 Anna
1787 428 1864 462 prosa

573 471 686 498 ibidem.
727 471 878 498 Nebridius
901 471 961 505 pbr.
983 471 1016 497 de
1041 470 1285 504 Closterneuburg.
1322 470 1459 504 Casparus
1484 470 1545 503 pbr.
1563 470 1599 496 ad
1620 470 1677 497 Sum
1691 470 1862 498 Udalricum.

574 515 695 547 Magnus
714 514 773 547 pbr.
791 514 825 540 de
844 514 972 541 Admont.
1010 513 1113 539 Paulus
1131 513 1191 547 pbr.
1206 513 1239 539 de
1258 513 1337 539 Seon.
1373 512 1539 539 Godefridus
1558 513 1618 546 pbr.
1635 513 1671 539 ad
1689 513 1746 539 Sum
1764 513 1864 540 Marti-

572 566 637 583 num
660 557 688 582 in
712 556 844 590 Ungaria.
894 556 1060 583 Godefridus
1085 565 1125 582 cv·
1144 556 1179 582 ad
1203 555 1259 582 Sum
1278 555 1430 582 Martinam
1448 555 1560 582 ibidem.
1610 556 1722 582 Maurus
1748 557 1807 590 pbr.
1827 557 1864 583 ad

573 600 668 626 Scotos
682 599 815 626 Viennae.
848 599 978 625 Placidus
997 599 1057 632 pbr.
1071 599 1105 624 ad
1126 599 1228 624 Buram
1246 599 1266 624 si
1286 598 1441 625 Michaelis.
1471 599 1502 624 D.
1516 598 1652 625 Patritius
1672 607 1750 633 ppos.
1763 600 1863 626 Baum—

574 641 750 676 burgensis.¹)
788 641 960 668 Coelestinus
979 641 1039 674 pbr.
1053 641 1088 667 ad
1107 641 1164 667 Sum
1177 641 1283 667 Vitum.

274 687 319 712 XI.
333 686 388 712 kal.
434 685 475 711 21.
521 685 571 711 Ob.
591 684 745 710 Catharina
763 684 934 715 Mautnerin,
954 684 1127 710 benefactrix
1151 689 1190 710 na,
1231 683 1365 718 Georgius
1384 684 1445 718 pbr.
1465 684 1498 711 de
1518 684 1587 711 Attl.
1628 685 1744 711 Iacobus
1768 693 1810 711 cv.
1829 685 1863 711 (18

572 727 694 754 Mellico.
740 727 877 753 Martinus
902 735 942 753 ον.
962 727 995 753 de
1021 726 1263 760 Closterneuburg.
1305 726 1433 753 Urbanus
1452 736 1494 754 cv,
1512 726 1693 754 Glunicensis.
1733 727 1765 753 D.
1781 728 1864 754 Bene-

572 769 663 795 dictus
687 769 750 795 abb.
769 769 796 795 in
824 769 1035 800 Malle1·storff.²)
1082 768 1224 795 Man'anus
1250 769 1309 803 pbr.
1328 770 1362 795 de
1385 769 1536 796 Chiemsee.
1582 769 1729 804 Gregorius
1752 770 1813 804 pbr.
1833 770 1863 797 in

572 811 738 845 Altenburg.
770 811 952 841 Coelestinus,
971 811 1114 845 Iosephus,
1132 811 1323 846 Wolfgangus‚
1342 811 1502 838 Desiderius
1521 812 1589 846 pbri,
1608 812 1771 839 Franciscus
1790 813 1861 840 diac.

571 854 598 880 in
618 854 826 881 Seittenstettn.
859 854 986 881 Gelasius
1005 854 1063 881 deo.
1077 855 1106 880 in
1126 854 1369 888 Closterneuburg.
1401 855 1431 881 D.
1445 855 1585 881 Romanus
1598 855 1661 882 abb.
1674 854 1703 881 in
1723 855 1862 889 Metten.³)

290 898 322 924 X.
335 898 390 924 kal.
436 896 476 923 22.
523 896 573 923 Ob.
588 897 781 931 Wolfgangus‚
795 897 984 929 Wenceslaus,
1004 897 1144 928 Ernestus,
1164 897 1306 929 Henricus,
1326 900 1355 924 et
1368 897 1522 924 Catharina
1534 907 1578 924 ux.
1592 897 1658 930 eius,
1672 898 1863 926 benefactores

572 940 606 965 ni.
644 940 777 966 Nicolaus
801 940 860 973 pbr.
876 940 909 966 de
933 940 1082 967 Gottwico.
1128 940 1322 974 Cristophorus
1349 941 1408 974 pbr.
1426 949 1486 967 n.c.
1531 941 1654 967 Andreas
1681 941 1714 967 de
1742 941 1863 969 Mellico.

570 983 717 1009 Udalricus
741 983 774 1010 de
797 982 1008 1010 Cremsminster
1031 983 1100 1016 pbri.
1142 983 1322 1010 Sebastianus
1346 984 1421 1017 prior
1444 985 1471 1010 et
1495 993 1550 1010 sen.
1570 984 1603 1010 de
1626 983 1754 1010 Admont.
1802 984 1864 1010 Pla-

574 1025 651 1051 cidus
659 1025 719 1059 pbr.
728 1025 755 1051 in
767 1026 932 1052 Formbaoh.
955 1025 1098 1059 Religiosa
1109 1026 1188 1059 virgo
1197 1026 1286 1052 Maria
1296 1026 1398 1052 Lothin
1407 1026 1591 1060 supprior-issa
1602 1027 1635 1053 de
1646 1027 1862 1054 Hochenwarth.

571 1068 694 1094 Andreas
723 1069 792 1102 prof.
813 1068 848 1094 acl
867 1068 963 1095 Scotos
982 1068 1115 1095 Viennae.
1168 1069 1308 1095 Amandus
1335 1069 1396 1103 pbr.
1413 1077 1445 1095 ex
1470 1069 1632 1095 Formbach.
1673 1068 1704 1095 D.
1726 1069 1862 1096 Antonius

571 1120 649 1145 ppos.
664 1111 691 1136 in
711 1111 944 1145 Reichersperg.⁴)

275 1154 321 1181 IX.
335 1154 390 1180 kal.
435 1154 476 1180 23.
522 1153 572 1180 Ob.
587 1154 712 1180 Demutis
732 1154 861 1185 Puchsin,
881 1154 1051 1181 benefactrix
1070 1159 1110 1180 na,
1142 1154 1371 1181 Bartholomaeus
1389 1155 1449 1188 pbr.
1487 1154 1621 1181 Osvaldus
1640 1154 1711 1181 diac.
1724 1164 1750 1182 n.
1762 1164 1784 1181 8.
1821 1156 1864 1182 Ia-

572 1197 656 1222 cobus
675 1197 737 1230 pbr.
767 1197 883 1223 Ioannes
902 1197 973 1223 diae.
988 1197 1021 1223 de
1041 1197 1160 1224 Mansee.
1191 1197 1378 1231 Wolfgangus
1396 1197 1456 1230 pbr.
1470 1197 1503 1223 de
1517 1197 1677 1231 Salzburga.
1714 1197 1757 1224 Fr.
1771 1198 1862 1225 David

571 1239 605 1265 de
625 1239 703 1266 Cella
722 1239 836 1265 Mariae.
873 1239 1081 1265 Maximilianus
1100 1240 1160 1273 pbr.
1178 1239 1356 1266 Mellicensis.
1396 1239 1551 1273 Leopoldus
1571 1239 1735 1266 Guilielmus
1754 1240 1814 1274 pbr.
1835 1243 1862 1267 et

573 1290 632 1308 can.
645 1281 858 1315 Hospitalensis.
894 1282 999 1308 Ioanna
1016 1282 1172 1309 Fortunata
1192 1282 1267 1316 profa
1285 1282 1315 1308 in
1334 1282 1548 1309 Hochenwarth.

247 1325 321 1351 V111.
335 1324 392 1351 kal.
436 1324 477 1350 24.
524 1324 576 1351 Ob.
594 1325 625 1350 D.
646 1324 780 1351 Henricus
811 1324 873 1351 abb.
891 1324 918 1350 in
943 1325 1131 1358 Tegernsee.⁵)
1188 1324 1356 1351 Benedictus
1384 1325 1507 1352 subdiac.
1524 1334 1551 1351 11.
1569 1334 1592 1351 c.
1638 1324 1863 1360 christophorus,

574 1367 722 1394 Udalricus
742 1370 770 1394 et
790 1367 927 1393 Matthias
946 1367 1005 1401 pbri
1026 1367 1054 1393 in
1075 1368 1284 1402 Reiehersperg.
1315 1368 1476 1394 Victorinus
1495 1368 1555 1401 pbr.
1568 1377 1595 1394 n.
1609 1376 1631 1394 c.
1646 1368 1743 1401 (1653).
1777 1369 1864 1395 Wolf-

572 1419 680 1444 gangus
700 1410 759 1443 pbr.
774 1410 806 1436 de
826 1410 903 1436 Cella
916 1410 1030 1436 Mariae.
1061 1410 1092 1436 D.
1108 1410 1255 1445 Gregorius
1270 1410 1332 1436 abb.
1344 1411 1377 1437 de
1397 1411 1568 1444 Gottwico.⁸)
1600 1411 1628 1437 P.
1640 1411 1777 1437 Martinus
1797 1411 1862 1437 olim

572 1453 647 1486 prior
660 1453 772 1479 ibidem.
799 1452 875 1478 Elias
888 1453 948 1486 pbr.
960 1453 988 1478 in
1002 1453 1211 1487 Reichersperg.
1237 1453 1423 1488 XVolfgangus
1437 1454 1496 1487 pbr.
1507 1453 1862 1488 Claustro-Neoburgensis.

575 1495 747 1522 Coelestinus
766 1496 824 1529 pbr.
840 1496 1045 1522 Gottwicensis.

260 1538 318 1564 VII.
333 1538 389 1564 kal.
435 1538 475 1564 25.
522 1538 573 1565 Ob.
593 1539 636 1564 Fr.
650 1538 743 1564 Simon
763 1539 796 1564 (18
809 1539 912 1564 Altach
926 1539 1061 1565 Inferiori.
1093 1539 1213 1565 Miehael
1232 1539 1291 1572 pbr.
1307 1539 1340 1566 de
1360 1539 1428 1565 Attl.
1460 1539 1594 1565 thatius
1614 1539 1673 1573 pbr.
1687 1539 1720 1566 (18
1739 1539 1861 1566 Mellico.

574 1581 711 1615 Caspai-us
735 1581 768 1607 de
792 1581 894 1607 Altach
917 1581 1070 1615 Superiori,
1091 1581 1262 1608 Gotthardus
1286 1582 1319 1608 de
1345 1582 1455 1608 Mansee
1480 1582 1549 1616 pbri.
1593 1581 1726 1616 Georgius
1749 1583 1808 1615 pbr.
1829 1582 1862 1608 de

572 1624 691 1650 Mellico.
729 1624 849 1650 Thomas
870 1624 930 1658 pbr.
948 1625 976 1650 iu
996 1624 1146 1651 Chiemsee.
1188 1625 1338 1656 Patritius,
1366 1625 1519 1656 Amandus,
1539 1625 1691 1657 Conmdus,
1711 1625 1781 1652 Zeno
1800 1626 1861 1659 pbri

573 1667 608 1692 ud
627 1666 683 1692 Sum
697 1666 838 1693 Zenonem.
875 1667 988 1693 Maurus
1008 1667 1067 1700 pbr.
1088 1667 1115 1692 in
1135 1667 1246 1694 Gleink.
1283 1668 1357 1694 Beno
1377 1668 1436 1701 pbr.
1454 1668 1489 1694 ad
1508 1668 1565 1694 Sum
1581 1668 1675 1694 Vitum
1694 1668 1733 1694 cis
1754 1668 1861 1695 Rotam.

576 1709 714 1735 Firmatus
734 1710 792 1742 pbr.
812 1709 845 1735 de
865 1710 967 1735 Altach
988 1709 1121 1736 lnferiori.

274 1751 320 1777 Vl.
334 1752 389 1778 kal.
436 1752 475 1778 ⁵26.
523 1751 573 1778 Ob.
589 1751 735 1777 Udalricus
750 1761 790 1777 8ν.
805 1752 838 1777 (18
852 1752 1000 1778 Gottwico.
1031 1753 1190 1779 Leonardus
1210 1753 1243 1779 de
1257 1753 1376 1780 Mellico.
1414 1753 1455 1779 Fr.
1470 1753 1592 1779 Andreas
1611 1753 1644 1780 de
1657 1753 1862 1780 Seittenstettn.

574 1794 706 1828 Georgius
728 1795 787 1828 pbr.
806 1795 834 1820 in
855 1795 1016 1829 'regernsee
1054 1796 1169 1822 loannes
1189 1798 1217 1822 et
1237 1796 1351 1822 Ioannes
1372 1796 1431 1829 pbri
1451 1796 1485 1822 de
1503 1796 1618 1822 Metten.
1656 1796 1772 1822 Ioannes
1792 1796 1863 1822 diac.

579 1837 611 1863 de
631 1837 840 1871 Reichersperg.
879 1838 996 1864 Ioannes
1016 1838 1151 1872 Georgius
1171 1838 1229 1872 pbr.
1244 1839 1356 1865 ibidem.
1392 1838 1540 1872 Gregorius
1559 1838 1634 1872 prior
1651 1838 1680 1864 in
1700 1838 1861 1873 Tegernsee.

574 1880 652 1906 Oddo
671 1880 730 1914 pbr.
746 1880 774 1906 in
794 1880 930 1914 Prisfling.
967 1881 1093 1915 Ignatius
1113 1881 1363 1915 pb1·.Me11icensis.
1401 1881 1537 1908 Matthias
1556 1881 1614 1915 pbr.
1635 1881 1663 1907 in
1684 1881 1863 1908 Raittenhas-

572 1922 644 1948 lach.
685 1923 856 1957 Augustinus
876 1924 937 1957 pbr.
951 1924 987 1949 ad
1005 1924 1061 1949 S¹¹¹¹¹
1076 1924 1188 1950 Petrum
1206 1924 1370 1958 Salis-burgi.

288 1964 320 1990 V.
334 1965 389 1991 kal.
435 1964 475 1990 27.
522 1964 570 1990 Ob.
590 1965 776 1999 Wolfgangus
805 1966 923 1998 Lueger,
952 1966 1113 1993 benefactor
1136 1977 1160 1993 n.
1206 1967 1236 1993 D.
1256 1967 1376 1993 Michael
1400 1967 1498 1999 abb.⁷),
1526 1966 1659 1993 Nicolaus
1684 1966 1808 1993 subdiac.
1828 1967 1862 1993 de

571 2007 603 2033 SO
617 2008 799 2034 Emmeramo.
830 2009 1014 2035 Colomannus
1034 2010 1092 2043 pbr.
1107 2010 1141 2036 de
1154 2010 1274 2036 Mellico.
1307 2010 1348 2036 Fr.
1363 2010 1546 2042 Hieronymus
1565 2009 1598 2035 de
1612 2009 1714 2035 Altach
1728 2009 1861 2036 Inferiori.

573 2050 706 2076 Henricns
732 2052 760 2076 et
780 2051 966 2086 Wolfgangus
991 2052 1051 2085 pbri
1074 2053 1108 2079 de
1127 2053 1275 2079 Lambaco.
1321 2053 1452 2080 Allvertus
1477 2052 1537 2086 pbr.
1555 2052 1588 2078 de
1607 2052 1709 2078 Altaeh
1729 2053 1863 2080 Inferiori.

573 2093 688 2119 Ioannes
709 2093 767 2126 pbr.
787 2094 815 2119 in
835 2094 1044 2129 Reichersperg.
1081 2095 1214 2122 Nicolaus
1234 2096 1292 2129 pbr.
1310 2096 1344 2122 (18
1364 2095 1512 2122 Lambach.
1550 2095 1665 2121 Iacobus
1684 2094 1743 2128 pbr.
1763 2095 1793 2121 in
1811 2096 1864 2122 Ad-

571 2137 656 2160 mont.
694 2136 806 2161 Maurus
830 2137 889 2169 pbr.
907 2137 940 2163 de
960 2138 1094 2171 Augusta.
1137 2138 1235 2165 Petrus
1258 2139 1349 2165 novius
1368 2139 1384 2164 l.
1405 2138 1438 2165 de
1458 2137 1699 2170 Closterneuburg.
1743 2138 1865 2165 Adamus

571 2179 629 2212 pbr.
650 2178 677 2204 in
695 2179 863 2213 Baumburg.
899 2180 1068 2214 Reginaldus
1091 2182 1149 2215 pbr.
1169 2184 1197 2208 et
1219 2191 1274 2208 sen.
1288 2182 1324 2208 ad
1341 2182 1425 2208 sorum
1444 2181 1570 2208 Udalrici
1588 2183 1616 2207 et
1639 2181 1764 2213 Affraea)
1801 2181 1863 2207 Pla-

574 2221 651 2247 cidus
670 2230 724 2247 sen.
740 2223 767 2248 et
781 2223 918 2255 quondam
934 2224 1008 2256 prior
1021 2224 1251 2258 Mallerstorphii.
1282 2225 1317 2251 Da
1331 2225 1421 2251 Maria
1435 2224 1588 2251 Catharina
1601 2224 1670 2250 abb¹³
1688 2224 1716 2250 in
1729 2223 1863 2250 Kiebach.

277 2261 322 2287 IV.
336 2262 391 2288 kal.
437 2262 478 2289 23.
524 2262 573 2288 Ob.
588 2265 707 2291 Ottakar
727 2265 781 2291 dux
799 2266 906 2299 Styriae
915 2268 942 2300 ¹³),
961 2268 1116 2294 fundatoris
1135 2269 1162 2294 ni
1176 2277 1320 2302 pronepos
1339 2268 1457 2302 insignis
1474 2268 1636 2294 benefactor
1655 2276 1681 2293 n.
1714 2265 1860 2293 Udalricus

571 2307 605 2333 de
630 2307 842 2336 Seittenstettn.
867 2309 1034 2336 Benedictus
1058 2311 1091 2337 de
1115 2311 1185 2337 Seon
1208 2312 1277 2345 pbri.
1318 2311 1360 2337 Fr.
1376 2311 1534 2338 Leonardus
1553 2311 1585 2337 (18
1605 2310 1707 2336 Altach
1726 2308 1859 2336 Inferiori.

573 2349 665 2375 Simon
685 2351 746 2383 pbr.
762 2351 793 2377 de
813 2351 931 2378 Mansee.
970 2353 1105 2387 Georgius
1123 2354 1182 2387 pbr.
1196 2354 1229 2380 de
1248 2355 1379 2380 Admont.
1417 2354 1537 2380 Basilius
1556 2353 1616 2387 pbr.
1630 2353 1742 2379 ibidem.
1777 2351 1862 2378 Aldo-

573 2392 692 2418 brandus
712 2393 770 2426 pbr.
789 2392 816 2418 111
836 2394 1002 2428 Baumhurg.
1041 2395 1202 2422 Franciscus
1227 2397 1286 2430 pbr.
1305 2397 1333 2422 in
1357 2397 1519 2430 Altenburg.
1557 2396 1585 2422 P.
1604 2395 1725 2422 Miehael
1744 2395 1811 2429 prof.
1833 2394 1862 2420 in

572 2434 640 2460 Attl.

316 2573 338 2603 ³)
359 2573 445 2598 Adde.-
464 2575 604 2599 ecclesiam.

210 2680 214 2683 .
320 2648 339 2679 ¹)
358 2648 394 2674 H.
407 2657 433 2673 21.
448 2649 478 2681 L,
499 2650 536 2675 ob.
551 2659 574 2675 a.
588 2653 656 2676 1688.
765 2653 785 2683 2)
809 2652 972 2679 Ob.cz.1661.
1079 2656 1099 2686 ³)
1120 2655 1157 2680 H.
1171 2664 1198 2681 τι..
1212 2655 1244 2687 I..
1264 2656 1303 2682 ob.
1317 2660 1424 2683 a.1656.
1526 2656 1546 2689 4)
1564 2655 1601 2682 H.
1614 2655 1683 2685 2701„
1702 2654 1739 2681 ob.
1753 2656 1858 2681 α.1685,

216 2691 235 2719 ⁵)
257 2690 291 2716 Η.
306 2698 331 2716 11.
344 2690 392 2723 IL,
412 2691 450 2717 ob.
461 2700 485 2717 a.
502 2696 571 2718 1273.
703 2695 723 2726 Β)
745 2694 790 2720 Ob.
804 2703 827 2719 a.
841 2698 909 2721 1669.
1041 2698 1061 2728 τ)
1085 2696 1129 2722 Ob.
1144 2706 1168 2723 a.
1181 2702 1249 2724 ΗΠ.
1378 2701 1398 2731 ³³)
1420 2698 1465 2725 Ob.
1480 2701 1585 2730 a.1192,
1604 2697 1648 2723 sed
1665 2704 1749 2723 mense
1767 2696 1853 2723 Maio.
