2054 2948
258 72 320 102 342
868 63 1052 91 DIOECESIS
1071 62 1295 89 LENTIENSIS.

618 151 859 184 Closterneuburg.
895 150 1008 175 Maurus
1027 149 1088 182 pbr.
1105 149 1138 174 de
1158 148 1287 173 Admont.
1324 146 1511 180 Wolfgangus
1530 147 1591 180 pbr.
1611 146 1700 173 Butae
1719 146 1740 172 si
1752 146 1908 174 Michaelis.

619 193 774 220 Fridericus
794 193 855 226 pbr.
869 193 899 218 in
916 191 1108 218 Nideraltach.
1146 190 1177 216 D.
1190 189 1359 216 Adalbertus
1378 189 1442 215 abb.
1456 189 1485 214 in
1503 189 1659 222 Admont.¹)

308 239 366 265 XV.
380 238 436 264 kal.
483 237 521 264 18.
568 237 618 263 Ob.
630 236 765 262 Hem-icus
789 238 818 262 et
836 235 994 268 Stephanus
1013 233 1105 260 Schek
1128 240 1276 265 eorumque
1295 236 1356 258 uxes
1381 239 1415 257 ex
1434 231 1597 258 melioribus
1615 232 1842 259 benefactoribus
1861 234 1909 259 nis.

617 279 753 305 Hem-icus
774 278 845 311 pbr„
872 278 987 304 Ioannes
1007 285 1047 302 cv.
1066 275 1094 301 in
1114 275 1277 308 Tegernsee.
1319 274 1437 300 Iacobus
1457 274 1517 307 pbr.
1533 280 1559 300 n.
1579 283 1601 301 c.
1638 274 1791 309 Wypertus
1816 284 1856 301 cv.
1875 275 1909 302 de

618 321 721 347 Altach
741 320 876 347 Inseriori.
912 319 1051 345 Matthias
1070 317 1212 351 Alopitius
1230 316 1291 350 pbr.
1305 317 1342 343 ad
1363 316 1419 342 Sum
1433 316 1619 344 Lambertum.
1656 317 1779 344 Adamus
1799 318 1859 351 pbr.
1873 318 1909 344 ad

619 364 674 389 Sum
689 364 815 389 Paulum.
846 362 877 388 D.
892 361 1032 388 Conradus
1051 360 1114 386 abb.
1130 360 1163 386 de
1179 360 1272 392 Att1.2)
1304 359 1472 386 Benedictus
1492 359 1551 393 pbr.
1566 359 1600 386 de
1620 359 1768 387 Gottwieo.
1800 360 1909 386 Marcus

618 406 678 440 pbr.
693 406 726 432 de
745 406 874 431 Admont.
911 404 1069 437 Alphonsus
1088 403 1148 436 pbr.
1163 402 1457 428 Benedictoburanus:

298 451 371 478 XIV.
383 451 439 477 kal.
485 450 524 477 19.
571 449 621 475 Ob.
635 448 792 482 Wnlfingus
804 447 880 477 civis,
900 446 1062 473 benefactor
1075 455 1100 471 n.
1132 445 1253 471 Michael
1273 445 1334 478 pbr.
1347 445 1376 470 in
1396 445 1558 479 Tegernsee.
1589 445 1707 472 Ioannes
1726 446 1759 472 de
1773 446 1909 480 Augusta,

619 492 736 517 Ioannes
755 491 788 516 de
808 490 877 516 Seon
897 489 965 523 pbri.
998 487 1148 522 Gregorius
1166 488 1227 521 pbr.
1242 488 1275 514 de
1295 488 1398 514 Altach
1418 488 1565 521 Superiori.
1602 488 1783 515 Sebastianus
1802 489 1862 522 pbr.
1877 488 1910 515 de

620 535 753 568 Augusta.
790 533 821 558 D.
836 532 971 565 Georgius
991 531 1055 557 abb.
1076 540 1101 557 n.
1121 532 1167 563 εἶ’)
1208 530 1240 557 D.
1254 530 1370 557 Ioannes
1389 531 1452 557 abb.
1470 531 1498 556 in
1516 531 1661 564 Mansee.⁴)
1699 531 1829 563 Quirinus
1849 532 1911 565 pbr.

619 577 652 603 de
676 576 777 602 Altach
800 575 934 601 Inferiori.
975 574 1006 599 D.
1024 573 1180 600 Alexander
1199 582 1215 599 a
1234 573 1309 599 Lacu
1331 583 1357 599 n.
1372 582 1406 605 c..
1430 575 1529 607 postea
1553 573 1794 608 Cremiphanensis
1821 575 1910 608 abb.⁵)

619 618 766 653 Gregorius
780 617 839 651 pbr.
853 617 886 643 de
901 616 1021 642 Mansee.
1053 616 1179 642 Clemens
1193 615 1253 649 pbr.
1267 616 1303 642 ad
1322 616 1379 641 Sum
1390 616 1592 642 Emmeramum
1606 616 1786 644 Ratisbonae.
1824 617 1911 644 Bene-

619 662 710 688 dictus
728 661 787 695 pbr.
801 659 986 686 GlunicensiS.
1017 658 1206 685 Theodoricus
1225 659 1285 692 pbr.
1301 658 1500 692 Cremiphanii.
1538 659 1702 686 Franciscus
1722 660 1782 694 pbr.
1796 660 1912 687 ibidem.

619 704 739 730 Basilius
767 712 807 729 ον.
829 702 1028 735 Cremiphanii.
1079 701 1213 728 Henricus
1241 701 1369 736 subprior
1400 703 1436 728 ad
1466 702 1498 729 D.
1518 702 1549 728 D.
1568 702 1730 729 Udalricum
1759 704 1788 729 et
1816 703 1911 730 Afram

618 748 769 780 Augustae.

294 793 368 818 XIII.
382 792 437 818 kal.
482 791 523 817 20.
569 790 618 816 Ob.
634 790 664 815 D.
679 789 817 814 Erhardus
836 789 900 814 abb.
913 788 947 814 de
967 788 1069 814 Altacb
1088 788 1247 821 Inferiori.⁶)
1284 788 1317 814 D.·
1329 788 1465 822 Georgius
1484 788 1572 821 abb.⁷)
1591 791 1620 815 et
1638 789 1754 816 Ioannes
1774 790 1833 824 pbr.
1848 800 1874 816 n.
1889 799 1912 817 c.

618 833 733 858 Ioannes
753 831 821 865 pbr..
841 831 962 857 Thomas
982 840 1023 857 cv.
1037 831 1070 857 de
1090 831 1251 865 Salzburga.
1294 831 1410 857 Iacobus
1430 831 1489 865 pbr.
1504 832 1537 858 cle
1556 832 1678 859 Mansee.
1714 833 1804 860 Maria
1824 833 1912 860 Elisa-

620 875 707 901 betha
727 874 881 900 Catharina
901 874 978 907 profa
997 873 1025 899 in
1045 874 1180 907 Nunberg
1199 873 1362 908 salisburgi.
1399 875 1532 901 Albertus
1550 875 1611 908 pbr.
1624 875 1653 901 in
1672 875 1772 902 Suben.

307 920 368 946 ΧΠ.
382 919 437 946 kal.
482 920 523 945 ⁶21.
570 918 619 944 Ob.
639 919 779 951 Rupertus
798 917 857 950 pbr.
879 917 911 942 de
932 916 1150 943 Cremsminster.
1187 916 1218 942 D.
1231 917 1368 943 Martinus
1388 925 1465 951 ppos.
1479 917 1508 943 in
1528 917 1702 951 Chiemseefl)
1739 919 1911 946 Wilibaldus

625 961 685 994 pbr.
705 960 733 985 in
760 959 869 986 Gleink.
911 959 1076 986 Franciscus
1094 960 1154 993 pbr.
1177 960 1210 986 de
1235 960 1397 994 Tegernsee.
1435 960 1578 987 Marianus
1596 961 1655 995 pbr.
1676 961 1706 987 in
1725 962 1834 989 Gleink.
1872 963 1913 989 Ia-

620 1004 705 1030 cobus
724 1003 784 1037 pbr.
804 1003 831 1028 in
854 1003 929 1029 Rott.
968 1002 1097 1032 Quirinus
1116 1003 1177 1036 pbr.
1196 1003 1225 1028 in
1244 1003 1407 1037 Tegernsee.
1445 1003 1600 1037 Leopoldus
1618 1004 1648 1029 in
1676 1004 1823 1032 Gottwico.
1861 1006 1910 1032 Co-

619 1046 766 1073 lumb-anus
786 1055 826 1072 ev.
841 1045 1063 1072 Cremifanensis.
1101 1046 1277 1077 Benedictus,
1298 1046 1437 1079 quondam
1455 1047 1531 1080 prior
1550 1046 1579 1072 in
1598 1047 1762 1074 Formbaoh.

322 1092 367 1118 XI.
382 1092 438 1118 kal.
483 1091 523 1117 22.
569 1090 619 1117 Ob.
634 1089 810 1119 Gundacker‚
829 1089 1005 1119 Bertholdus,
1020 1088 1180 1119 Hartnidus,
1195 1089 1367 1122 Rudolphus,
1387 1089 1529 1116 Dietricus
1542 1091 1571 1116 et
1584 1089 1748 1122 Ludovieus,
1762 1100 1912 1126 eorumque

620 1132 730 1159 familia
743 1132 776 1158 de
791 1132 960 1162 Losenstain,
980 1132 1172 1158 benefactores
1185 1132 1220 1158 ni.
1257 1132 1288 1158 D.
1304 1132 1444 1165 Rupertus
1457 1132 1521 1159 abb.
1534 1132 1562 1158 in
1576 1132 1765 1167 Tegernsee.⁹)
1797 1135 1913 1162 Ioannes

620 1176 680 1210 pbr.
695 1176 728 1201 (le
748 1175 909 1208 Salzburga.
954 1175 1093 1201 Romanus
1112 1175 1172 1209 pbr.
1186 1185 1210 1201 n.
1226 1184 1248 1202 c.
1288 1176 1464 1202 Abrahamus
1483 1175 1543 1209 pbr.
1557 1175 1590 1201 de
1611 1176 1758 1203 Gottwioo.
1795 1178 1913 1204 Iacobus

623 1218 698 1252 prior
721 1218 754 1244 de
773 1218 872 1244 Betim.
918 1218 1021 1244 Paulus
1045 1218 1106 1251 pbr.
1127 1218 1163 1244 ad
1182 1218 1239 1244 Sum
1256 1218 1370 1244 Petrum
1394 1218 1557 1252 Salisburgi.
1601 1219 1632 1245 D.
1646 1219 1782 1254 Georgius
1806 1221 1869 1247 abb.
1883 1221 1912 1247 in

620 1261 798 1288 XVessobrun.
831 1261 911 1287 Vitus
931 1261 1184 1294 phr.1v1e11icensis.
1216 1262 1362 1287 Anselmus
1382 1262 1441 1295 pbr.
1456 1261 1491 1288 ad
1510 1261 1607 1288 Sootos
1626 1262 1758 1289 Viennae.
1795 1263 1913 1291 Ioannes

620 1305 680 1338 pbr.
695 1304 946 1338 Cremiphanensis.
983 1304 1152 1331 Benedictus
1170 1305 1230 1338 pbr.
1244 1304 1272 1330 in
1291 1304 1370 1331 Seon.

336 1350 370 1377 X.
384 1350 440 1376 kal.
485 1349 526 1375 23.
572 1348 621 1375 Ob.
636 1348 800 1374 Elisabetha
813 1356 864 1374 sor.
876 1347 993 1373 Erhardi
1007 1347 1091 1379 abbis,
1106 1347 1276 1374 benefacti-ix
1290 1353 1329 1374 11³.
1360 1347 1390 1373 D.
1406 1347 1522 1374 Iacobus
1535 1347 1598 1374 abb.
1612 1348 1645 1374 de
1660 1348 1912 1382 Cremsminster.¹⁰)

620 1391 757 1417 Matthias
777 1391 810 1417 de
830 1390 978 1421 Gottwico,
999 1391 1114 1416 loannes
1134 1390 1167 1416 de
1186 1390 1255 1417 Seon
1276 1390 1345 1424 pbri.
1383 1390 1538 1421 Mauritius,
1558 1390 1646 1417 Lucas
1665 1391 1699 1417 de
1718 1391 1821 1418 Altach
1841 1393 1912 1419 Infe-

619 1433 685 1459 riori
703 1433 773 1467 pbri.
804 1433 975 1467 Hippolytus
994 1433 1054 1466 pbr.
1068 1433 1101 1459 de
1120 1433 1241 1459 Mellico.
1274 1434 1304 1458 D.
1319 1434 1434 1460 loannes
1454 1433 1601 1459 Uel-alricus
1620 1433 1683 1460 abb.
1700 1434 1912 1468 Aspaeensis¹¹)‚

619 1476 723 1510 prof.in
734 1476 896 1502 Formbach.
921 1477 951 1502 D.
960 1476 1081 1502 Thomas
1091 1476 1154 1502 abb.
1164 1478 1258 1508 n.c.¹²)
1284 1476 1314 1502 D.
1325 1476 1459 1510 Georgius
1470 1476 1584 1502 Falbius
1593 1476 1913 1512 abb.Gottwicensis¹³),

620 1525 644 1545 s‘2
659 1519 819 1553 theologiae
838 1519 942 1550 doctor,
962 1528 987 1545 n.
1003 1528 1024 1545 c.
1043 1519 1109 1545 olim
1130 1519 1205 1552 prior
1224 1521 1252 1545 et
1271 1519 1339 1552 prof.
1382 1519 1497 1545 Ioannes
1518 1519 1647 1553 Baptista
1666 1520 1726 1553 pbr.
1741 1521 1774 1546 de
1793 1522 1912 1548 Mellico.

622 1563 737 1588 Ioannes
761 1562 891 1596 supprior
916 1562 943 1587 in
969 1562 1067 1589 Betim.
1113 1561 1262 1595 Gregorius
1287 1562 1345 1595 pbr.
1364 1563 1396 1588 de
1422 1562 1648 1588 Raitenhaslach.
1695 1563 1827 1597 Iosephus
1852 1565 1913 1598 pbr.

620 1605 798 1631 Ossiacensis.

320 1650 368 1676 IX.
381 1649 437 1675 kal.
483 1649 524 1675 24.
571 1648 621 1674 Ob.
638 1649 670 1674 D.
691 1647 784 1673 Simon
804 1647 919 1680 abb.¹⁴),
948 1647 1098 1673 Balthasar
1125 1647 1185 1680 pbr.
1207 1647 1239 1673 de
1263 1647 1384 1673 Mansee.
1429 1647 1546 1674 Ioannes
1570 1648 1629 1681 pbr.
1649 1648 1682 1674 de
1702 1649 1781 1675 Cella
1799 1650 1912 1677 Mariae.

620 1691 650 1717 D.
665 1691 781 1717 Ioannes
795 1690 856 1716 abb.
869 1690 901 1716 de
916 1690 1100 1722 Lambaeo.¹⁶)
1131 1690 1262 1716 Albertus
1276 1690 1336 1723 pbr.
1348 1689 1460 1716 ibidem.
1487 1691 1652 1717 Benedictus
1666 1691 1726 1725 pbr.
1740 1692 1774 1718 de
1787 1692 1819 1719 So
1832 1693 1914 1719 Lam-

620 1733 707 1759 berto.
743 1733 854 1759 Samuel
875 1733 934 1766 pbr.
950 1733 982 1759 de
1003 1732 1244 1766 Closterneuburg.
1281 1732 1453 1758 Aemilianus
1472 1733 1532 1766 pbr.
1546 1733 1580 1760 de
1598 1733 1719 1760 Monsee.
1755 1735 1914 1762 Leonardus

620 1776 680 1810 pbr.
698 1775 871 1802 Hilariensis.
909 1776 1038 1801 Silvanus
1059 1775 1118 1809 pbr.
1132 1775 1161 1801 in
1176 1775 1366 1802 Nideraltach.
1403 1775 1538 1809 Georgius
1557 1776 1617 1809 pbr.
1631 1776 1667 1802 ad
1685 1776 1742 1803 Sum
1755 1777 1913 1806 Nicolaum.

294 1821 439 1848 V111.kal.
484 1821 525 1846 25.
573 1820 622 1845 Ob.
643 1819 741 1845 Petrus
761 1818 898 1844 Ponhalm
918 1819 1079 1845 benefactor
1098 1828 1123 1845 n.
1167 1819 1283 1844 loannes
1310 1820 1338 1845 et
1357 1818 1535 1844 Theobaldus
1561 1819 1622 1852 pbri
1647 1819 1679 1845 de
1704 1820 1826 1847 Mellico.
1866 1821 1914 1847 Er-

621 1862 724 1888 lmrdus
744 1862 804 1895 pbr.
818 1861 850 1887 de
873 1861 951 1888 Cella
970 1861 1085 1887 Mariae.
1123 1861 1243 1887 Thomas
1263 1870 1320 1887 acc.
1336 1861 1368 1887 de
1389 1862 1467 1888 Seon.
1505 1861 1687 1894 Hieronymus
1706 1862 1768 1896 pbr.
1783 1863 1816 1890 de
1836 1863 1913 1890 Man=

618 1914 671 1931 see.
708 1904 863 1930 Ludovicus
877 1914 902 1930 n.
917 1914 938 1931 c.
954 1904 1023 1938 prof.
1052 1904 1191 1930 Martinus
1206 1905 1265 1937 pbr.
1279 1904 1312 1930 de
1333 1904 1484 1930 Chiemsee.
1522 1904 1643 1931 Michael
1663 1906 1691 1932 et
1710 1906 1834 1932 Adamus
1854 1906 1915 1940 pbri

622 1948 735 1974 ibidem.
776 1948 953 1979 Franciscus,
978 1947 1151 1979 Edmundus,
1172 1947 1303 1973 Placidus
1323 1947 1383 1980 pbri
1404 1947 1436 1973 de
1457 1948 1575 1974 Monsee.
1616 1948 1658 1974 Fr.
1674 1948 1804 1975 Thassilo
1824 1958 1865 1975 cv.
1884 1950 1915 1976 in

621 1991 837 2017 Cremsminster.

311 2034 372 2060 VII.
386 2034 441 2060 kal.
486 2034 527 2059 26.
573 2033 622 2059 Ob.
642 2033 672 2059 Ι).
693 2033 858 2067 Rudolpbus
878 2034 942 2060 abb.
961 2034 990 2059 in
1009 2034 1210 2068 Tegernsee.¹⁰)
1251 2032 1445 2067 sigismundus
1464 2033 1524 2067 pbr.
1544 2033 1577 2059 de
1596 2033 1731 2068 Augusta.
1775 2035 1914 2061 Romanus

622 2077 681 2109 pbr.
703 2076 735 2103 de
756 2077 826 2103 Attl.
863 2077 1043 2103 Sebastianus
1063 2077 1080 2103 l.
1099 2076 1213 2103 ibidem.
1251 2076 1391 2102 Candidus
1415 2077 1442 2102 et
1462 2076 1593 2102 Placidus
1616 2076 1689 2110 pbri,
1713 2077 1853 2104 Antonius
1872 2087 1913 2105 ον.

622 2119 655 2145 de
680 2120 782 2145 Altach
808 2119 944 2146 Inferiori.
989 2120 1175 2153 Hieronymus
1199 2120 1260 2153 pbr.
1280 2120 1312 2145 de
1333 2119 1495 2153 Tegernsee.
1541 2119 1656 2145 Ioannes
1680 2128 1720 2146 CV.
1739 2120 1773 2146 de
1792 2120 1914 2148 Mellico.

622 2162 712 2188 Maria
731 2162 909 2196 Hildegardis
929 2171 979 2189 sor.
994 2163 1018 2188 1*ὶ
1038 2163 1065 2188 in
1085 2162 1218 2189 Kiebach.
1257 2162 1406 2196 Gregorius
1426 2162 1486 2195 pbr.
1500 2162 1535 2188 ad
1555 2161 1611 2187 Sum
1624 2161 1746 2189 Petrum.

330 2203 377 2230 YI.
391 2204 446 2229 kal.
491 2204 531 2230 27.
577 2204 626 2230 Ob.
640 2205 761 2231 Michael
780 2207 842 2238 pbr.
874 2205 995 2232 Michael
1010 2206 1126 2232 clericus
1139 2205 1172 2231 de
1188 2205 1266 2232 Cella
1279 2204 1393 2231 Mariae.
1425 2205 1546 2230 Thomas
1565 2205 1624 2238 pbr.
1639 2205 1672 2231 de
1692 2205 1828 2239 Augusta.
1860 2207 1914 2232 Au-

623 2248 750 2281 gustinus
770 2248 829 2281 pbr.
844 2250 873 2274 et
891 2248 957 2274 olim
977 2249 1053 2282 prior
1071 2249 1098 2274 in
1118 2249 1282 2283 Tegernsee.
1318 2248 1434 2274 Ioannes
1453 2256 1493 2273 cv.
1508 2247 1541 2273 de
1560 2247 1721 2281 Salzburga.
1753 2248 1853 2275 Petrus
1873 2257 1914 2276 cv.

624 2291 656 2316 de
669 2290 771 2316 Altach
786 2291 920 2317 Inferiori.
952 2292 982 2318 D.
998 2292 1186 2326 Wolfgangus
1206 2291 1268 2317 abb.
1285 2291 1317 2317 de
1337 2291 1437 2317 Beiirn.
1468 2290 1613 2324 Remigius
1632 2290 1692 2324 pbr.
1706 2290 1734 2316 in
1749 2291 1914 2326 Altenburg.

622 2332 801 2359 Sebastianus
821 2334 880 2367 pbr.
894 2335 923 2360 in
943 2335 1113 2369 Baumburg.
1146 2335 1176 2360 D.
1190 2334 1372 2360 Sebastianus
1391 2333 1454 2360 abb.
1469 2332 1713 2366 Gottwicensis.¹⁷)
1750 2333 1915 2361 Francis-cus

624 2375 683 2408 pbr.
697 2376 725 2401 in
745 2377 864 2403 canonia
883 2377 1292 2411 Augustiniano-Leopoldina.

371 2501 390 2529 ι>
412 2500 455 2526 Ob.
470 2510 494 2526 (¹.
508 2505 582 2527 1696.
698 2505 717 2535 2)
742 2504 787 2530 ΟΖ).
801 2513 825 2530 (e.
838 2508 903 2531 1635.
1020 2507 1040 2537 3)
1063 2506 1104 2538 Cf.
1117 2506 1154 2531 ad
1173 2506 1242 2532 Mai.
1255 2509 1296 2533 20.
1412 2507 1432 2539 4)
1451 2506 1561 2532 Iolzamz
1585 2504 1734 2538 Christoplt,
1754 2504 1792 2530 ob.
1807 2513 1831 2530 (ι.
1844 2506 1916 2530 1631.

268 2544 288 2573 ι)
310 2542 354 2567 Ol».
369 2546 472 2569 a.1613.
589 2546 609 2577 6>
631 2544 675 2571 Ob.
690 2555 714 2571 a.
728 2551 802 2573 1465.
922 2550 941 2574 τ,
961 2549 997 2574 Η,
1012 2549 1081 2580 ⁷1.1.,
1102 2549 1140 2575 ob,
1153 2553 1259 2575 a‚1495.
1378 2550 1399 2581 ⁸)
1423 2549 1466 2574 Ob.
1481 2552 1588 2575 a.1594.
1707 2548 1726 2578 9)
1751 2546 1795 2573 Ob.
1809 2555 1833 2572 α.
1844 2550 1913 2573 1186.

269 2586 301 2615 ¹⁰)
325 2584 369 2609 Ob.
383 2589 488 2611 (41454.
611 2588 643 2619 ¹¹)
662 2589 740 2613 Alfius
759 2589 897 2616 Iohannes
910 2590 959 2616 IV.
974 2591 1110 2617 Hem'z'cus
1128 2592 1167 2617 ob.
1181 2594 1281 2618 &1584
1300 2599 1384 2618 mense
1403 2592 1487 2617 Maio.
1614 2591 1646 2624 12)
1670 2590 1840 2623 Ob.a.1446,
1860 2589 1916 2615 dies

266 2626 337 2651 varic
355 2626 482 2654 traditur.
598 2631 629 2656 ¹³]
651 2630 695 2656 ob.
709 2640 733 2657 (ι.
747 2636 815 2658 1631.
960 2635 992 2665 ¹⁴)
1017 2634 1063 2660 Oh.
1074 2643 1098 2660 cz.
1110 2637 1183 2660 1463.
1325 2636 1358 2667 ¹⁵)
1381 2634 1426 2660 Ob.
1441 2638 1548 2661 a.1504.
1691 2634 1724 2666 ¹⁶)
1748 2633 1794 2660 Ob.
1809 2641 1834 2659 α.
1848 2636 1918 2658 1266.

230 2682 235 2685 -
269 2670 302 2701 ¹⁷>
322 2669 357 2694 H.
373 2677 398 2694 n.
410 2669 458 2702 11„
477 2671 515 2696 ob.
530 2680 554 2697 (ι.
566 2676 628 2698 1672
647 2681 729 2699 meuse
748 2675 834 2700 Maio.
