2054 2948
258 112 318 141 112

287 197 364 224 XIV.
377 197 434 223 kal.

288 299 362 325 XIII.
376 298 432 324 kal.

302 453 363 479 XII.
376 452 432 478 kal.

318 555 366 581 XI.
379 555 434 580 kal.

333 607 366 633 X.
379 607 435 633 kal.

319 657 366 683 IX.
380 656 435 682 kal.

289 809 365 835 VIII.
378 809 434 835 kal.

304 963 365 989 VII.
379 963 435 990 kal.

321 1015 366 1041 VI.
380 1014 435 1040 kal.

333 1066 365 1093 V.
378 1066 434 1092 kal.

320 1118 366 1144 IV.
379 1118 435 1144 kal.

316 1168 365 1195 III.
379 1168 435 1194 kal.

330 1220 365 1246 II.
378 1219 434 1245 kal.

323 1870 368 1896 IV.
383 1878 446 1896 non.

323 1973 370 1998 III.
384 1981 445 1999 nou.

324 2024 371 2050 VI.
385 2024 421 2049 id.

335 2077 368 2102 V.
382 2077 419 2102 id.

322 2229 367 2254 IV.
380 2229 417 2255 id.

318 2331 365 2357 111.
379 2330 415 2357 id.

328 2433 362 2458 Π.
376 2433 413 2459 id.

852 102 1036 131 DIOECESIS
1054 100 1313 129 PASSAVIENSIS.

480 197 519 222 19.
566 191 640 234 [Ob.
657 191 852 222 reverendus
868 190 907 221 D.
921 189 1077 221 Ieremias
1100 198 1190 229 ppos.
1207 188 1238 218 in
1262 186 1360 217 monio
1381 186 1404 217 si
1419 185 1546 217 Nicolai
1569 188 1662 216 extra
1684 195 1792 216 muros
1807 185 1906 216 Bata-

616 241 796 283 vienses.¹)]
845 241 905 272 Ob.
923 240 961 271 D.
981 239 1057 270 Otto
1082 250 1162 270 com.
1181 238 1220 270 de
1244 238 1340 269 Bren.

477 297 520 325 20.
566 293 609 324 Di
630 293 751 324 Ulrici
779 291 837 333 epi
862 290 1188 332 Termopolensis.
1220 289 1491 330 suffraganeus
1508 287 1840 319 Wladislaviensis
1872 291 1909 319 et

616 345 646 376 h.
669 343 777 375 monii
800 343 905 384 profi.
959 342 1022 372 Ob.
1041 352 1095 372 ao.
1120 340 1162 371 Di
1185 340 1514 372 ΜΕὉΟΟΟΟΧΧΙΙΙο
1538 342 1574 371 et
1597 339 1756 370 Patavie
1784 340 1820 370 in
1851 349 1907 370 ca-

617 396 718 437 pella
742 395 904 426 omnium
929 396 1144 424 sanctorum
1169 393 1203 422 in
1227 391 1371 423 ambitu
1395 394 1451 423 est
1475 391 1658 432 sepultus.

477 452 518 478 21.
565 447 834 479 Ob.Wernherus
851 445 1046 485 Turnlinger.
1084 443 1237 474 Nicolaus
1255 443 1382 474 Offmia.
1423 442 1543 474 Geisla.
1577 442 1910 474 HainricusVendrer

617 499 747 529 colonus
770 508 799 528 n.

479 553 520 581 22.
564 549 730 580 Albrecht.
776 547 931 579 Elizabet.
977 546 1164 577 Gerdrudis.

480 605 521 632 23,
568 601 628 632 Ob.
645 601 684 631 D.
702 600 890 631 VValtherus
914 598 987 629 abb.
1005 598 1125 639 primus
1148 598 1178 628 h.
1197 597 1310 628 domus
1320 597 1358 639 2),
1383 598 1437 639 qui
1460 598 1542 629 bene
1567 597 1644 628 fecit
1668 596 1757 628 ecclie
1779 601 1823 627 ne.

481 657 520 682 24.
567 652 618 682 Fr.
637 651 832 692 Lewpoldus
856 661 897 680 m.
921 653 953 681 et
976 660 1039 680 sac.
1093 649 1153 680 Ob.
1171 649 1210 680 D.
1230 649 1332 680 dietus
1355 649 1527 681 Hainricus
1550 649 1825 690 Purstenpintter,
1857 648 1911 689 qui

618 703 739 744 legavit
762 704 801 733 60
817 706 838 738 ᾧ.
855 701 1048 732 reddituum.
1091 701 1174 732 Item
1195 700 1370 740 Methildis,
1394 699 1611 741 Margaretha,
1635 699 1783 731 Elizabet
1798 698 1910 740 Hage-

618 755 707 785 rinna
732 754 771 784 de
794 753 966 793 Everding.

479 810 521 836 25.
567 806 626 836 Ob.
643 804 810 836 Richolfus
833 804 916 835 filius
934 803 1107 835 Hartmudi
1131 803 1170 835 de
1187 803 1334 843 Patavia,
1360 803 1413 844 qui
1435 803 1557 844 legavit
1579 802 1672 833 nobis
1694 803 1734 833 60
1753 806 1773 838 ᾧ,
1791 812 1911 833 annua-

618 857 674 887 tim
699 856 739 887 de
764 856 858 886 domo
882 866 938 886 sua
963 859 995 886 et
1019 855 1134 886 dantur
1151 855 1265 886 eodem
1292 855 1343 886 die
1369 855 1409 886 de
1427 854 1522 885 domo
1539 854 1644 885 Iriczii
1660 857 1770 885 contra
1787 853 1912 885 Schait—

618 908 725 938 kossn.
771 907 908 938 Georius
932 906 1095 949 pistorisa)
1120 907 1160 938 de
1184 907 1329 938 Patavia.
1376 906 1561 946 Hainrious,
1590 905 1737 937 Elizabet
1759 916 1811 936 ux.
1834 906 1911 937 eius.

481 963 521 989 26.
568 959 619 990 Fr.
637 960 741 990 Lucas
765 969 826 990 sac.
846 962 878 990 et
901 969 941 989 m.
965 961 1043 990 1454
1069 962 1175 989 custos
1198 959 1228 990 h.
1248 958 1276 989 d.
1323 958 1478 989 Elizabet.

480 1014 522 1041 27.
567 1010 714 1040 Alhaidis
738 1010 777 1040 de
801 1010 981 1051 Munczing.

479 1065 521 1092 28.
567 1061 732 1092 Conradus
755 1061 880 1091 institor
905 1061 944 1092 de
969 1061 1135 1092 Chrembs.
1183 1061 1349 1092 Cristine
1374 1061 1418 1092 de
1442 1061 1613 1092 Patavia.

479 1116 521 1144 29.
567 1112 714 1143 Alhaidis
737 1113 768 1143 in
792 1123 873 1143 novo
899 1112 977 1144 foro.

480 1167 521 1194 30.
568 1163 753 1194 Cristannus
777 1164 853 1194 civis
876 1164 1086 1194 Pataviensis.

479 1219 520 1245 31.
566 1215 772 1246 Hainricus
785 1216 989 1256 Awlinger,
1006 1215 1137 1253 Iewta.
1155 1215 1262 1246 Anna
1278 1221 1359 1246 uxes
1377 1216 1465 1246 eius.
1506 1215 1678 1246 Hainricus
1693 1215 1732 1246 de
1746 1214 1912 1246 Schfmaw.

713 1266 935 1307 Notandumb)
961 1267 1047 1307 quod
1071 1268 1108 1297 3¹³
1133 1266 1212 1297 feria
1236 1270 1308 1308 post
1331 1267 1441 1297 Indica
1466 1266 1545 1297 obiit
1567 1267 1612 1297 Dn
1628 1266 1730 1297 Iewta
1747 1266 1912 1307 Awlinge-

620 1319 719 1357 rinna⁷
744 1319 832 1349 cuius
856 1318 997 1349 annivium
1019 1318 1135 1349 eodem
1160 1318 1210 1349 die
1235 1318 1445 1358 celebramus,
1471 1322 1502 1349 et
1526 1317 1658 1349 cuilibet
1680 1318 1913 1349 monachorum

620 1373 652 1400 et
680 1369 813 1400 fratrum
843 1370 940 1400 debet
965 1370 1032 1400 dari
1057 1371 1160 1401 minor
1183 1369 1349 1411 prebenda
1372 1370 1436 1400 vini
1460 1369 1501 1400 ad
1525 1372 1678 1400 statutam
1701 1368 1912 1410 prebendam,

621 1421 706 1462 quod
735 1422 760 1451 si
784 1422 891 1452 vinum
915 1432 977 1452 non
1002 1421 1177 1452 haberetur
1199 1422 1230 1452 iu
1254 1421 1400 1462 Patavia„
1431 1421 1463 1462 ¹s¹2
1489 1432 1568 1452 urna
1592 1424 1717 1452 ematur
1740 1431 1797 1462 pro
1821 1422 1862 1451 44}
1880 1425 1914 1461 ὁ,

620 1477 652 1503 et
681 1474 725 1503 sic
754 1474 923 1504 conventui
954 1473 1100 1513 satisfiat,
1132 1484 1188 1514 pro
1219 1483 1281 1515 qua
1310 1484 1343 1504 re
1367 1472 1583 1514 Awlingarius
1611 1473 1744 1503 maritus
1768 1472 1913 1513 predicte

621 1524 748 1555 domine
766 1524 856 1555 dedit
871 1525 963 1555 nobis
980 1525 1097 1556 bonum
1115 1528 1147 1556 et
1163 1536 1313 1567 magnum
1333 1535 1449 1566 equum
1467 1535 1504 1555 ac
1520 1524 1710 1566 paltikinum
1728 1527 1760 1555 et
1777 1523 1913 1555 emende

621 1586 717 1616 super
744 1576 824 1607 haec
852 1576 1023 1607 constitute
1054 1577 1084 1606 in
1113 1577 1248 1618 registro
1273 1580 1379 1607 nostro
1407 1577 1438 1606 in
1463 1587 1519 1607 suo
1543 1577 1711 1617 privilegio
1735 1575 1913 1607 videantur.

619 1627 700 1657 Item
730 1627 819 1658 dedit
846 1638 942 1668 super
970 1628 1095 1658 vineam
1124 1629 1154 1658 in
1179 1627 1319 1658 Pwhtall
1344 1630 1382 1658 50
1402 1632 1422 1661 ὁ
1448 1627 1632 1659 reddituum
1656 1627 1826 1658 conventui
1850 1626 1913 1658 sol-

622 1679 742 1709 vendos
766 1680 796 1709 in
821 1680 1084 1710 Annunciacione
1108 1679 1248 1710 Domini.

989 1793 1189 1829 APRILIS.

500 1871 522 1896 2.
569 1867 665 1897 Item
683 1867 742 1897 fris
762 1867 866 1897 Petri
884 1867 957 1897 filii
975 1867 1004 1897 h.
1023 1867 1155 1898 domus
1180 1870 1215 1898 et
1238 1867 1325 1898 bina
1342 1869 1424 1898 vice
1442 1867 1585 1908 abbi³.³)
1624 1866 1697 1898 Sub
1714 1867 1914 1908 presencia

619 1918 729 1948 istius
753 1919 999 1959 incorporata
1024 1922 1081 1949 est
1104 1919 1217 1949 monio
1241 1919 1354 1950 ecclia
1378 1919 1413 1949 in
1436 1919 1663 1950 Hohenstat.

499 1973 522 1998 3.
569 1968 643 2010 [Ob.
662 1970 698 2000 fr.
716 1970 909 2000 wilhelmus
934 1970 1117 2011 Vischgratl
1142 1971 1228 2011 prior
1251 1971 1281 2001 h.
1299 1970 1392 2001 monii
1416 1981 1465 2001 ao.
1484 1970 1620 2012 (15)36.]

500 2024 523 2050 S.
571 2020 721 2061 [loannes
745 2021 865 2052 Tobler
890 2022 929 2053 de
954 2022 1089 2053 Patavia
1111 2022 1209 2053 iudex
1233 2021 1276 2064 η]
1323 2022 1374 2053 Fr.
1393 2022 1552 2053 Iohannes
1575 2032 1616 2053 m.
1635 2025 1667 2053 et
1690 2021 1832 2052 subdiac.

498 2076 523 2102 9.
569 2072 608 2103 D.
627 2072 703 2103 Otto
729 2083 794 2114 eps.
812 2073 1013 2104 Pataviensis
1025 2074 1061 2114 4).
1086 2074 1339 2115 predecessor
1358 2074 1401 2105 Di
1417 2073 1523 2105 Petri
1548 2073 1615 2114 epi.
1660 2072 1712 2104 Fr.
1731 2072 1913 2114 Stephanus

622 2124 723 2154 dictus
746 2124 863 2155 Rumel
887 2125 972 2165 pieb.
996 2126 1026 2155 in
1050 2125 1261 2165 Hohenstatt,
1293 2126 1374 2166 prof.
1398 2125 1428 2156 h.
1453 2125 1514 2156 loci
1544 2128 1580 2155 et
1604 2124 1790 2166 quondam
1821 2123 1912 2164 abb.‚

627 2178 715 2206 1414
740 2177 991 2217 1·esignavit.⁰)

489 2229 527 2256 10.
575 2225 647 2267 [Ob.
663 2227 699 2257 fr.
714 2227 893 2258 Anthonius
910 2228 1081 2259 Alth-amer
1097 2232 1208 2260 cantor
1224 2229 1254 2259 h.
1268 2229 1360 2259 monii
1377 2239 1426 2259 ao.
1441 2227 1577 2269 (15)35.]
1616 2227 1668 2258 Fr.
1683 2227 1849 2258 Conradus
1866 2236 1912 2257 cv.

623 2277 912 2309 molendinator.

488 2332 527 2357 11.
573 2327 645 2369 [Ao.
670 2331 745 2359 1592
772 2332 799 2360 3.
817 2330 858 2360 id.
877 2330 997 2371 Aprilis
1024 2331 1162 2361 excessit
1186 2341 1203 2362 e
1227 2332 1292 2362 vita
1316 2331 1510 2362 reverendus
1534 2342 1565 2372 p.
1586 2331 1625 2362 D.
1646 2330 1773 2361 Marcus
1796 2330 1912 2370 Besch,

622 2380 694 2410 abb.
712 2381 803 2411 monii
826 2381 992 2423 Mettene]

486 2434 524 2460 12.
571 2430 634 2461 Ob.
652 2431 691 2462 fr.
711 2432 850 2463 Paulus
872 2432 1017 2474 Gsigler
1040 2443 1110 2464 sac.
1131 2436 1166 2465 et
1188 2445 1230 2465 m.
1253 2435 1379 2465 socius
1403 2434 1613 2465 divinorum
1637 2434 1672 2464 in
1695 2433 1912 2464 Hohenstat

623 2493 676 2513 ao.
693 2483 735 2513 Di
756 2483 1153 2515 M0OCCC0LXXVIH0.
1200 2485 1252 2516 Fr.
1270 2485 1479 2516 Leonhardus
1503 2496 1544 2516 m.
1563 2489 1595 2516 et
1619 2485 1698 2516 diac.
1715 2484 1746 2515 h.
1764 2484 1864 2515 monii.

366 2596 388 2625 ³)
409 2596 451 2619 Ita

263 2638 378 2662 additum
398 2643 440 2664 esi.

471 2597 496 2621 in
516 2598 608 2622 cml1'ce.
712 2598 736 2629 1Ἰ)
756 2600 829 2624 Haec
850 2605 909 2624 num
923 2601 1011 2632 prium
1032 2610 1109 2626 mama
1128 2607 1163 2626 est
1183 2603 1314 2634 inscripta.
1420 2602 1441 2634 c)
1460 2606 1493 2633 ‚et
1512 2616 1544 2619 —
1563 2601 1710 2634 resignavit‘
1730 2602 1814 2626 colore
1834 2601 1911 2625 rubro

369 2710 387 2741 ¹)
410 2709 455 2735 Oh.
469 2718 493 2736 a.
511 2714 578 2736 1:185.
686 2714 705 2743 ²)
727 2713 844 2746 fflnpos?
863 2722 887 2739 a.
902 2718 970 2740 1283.
1078 2717 1097 2748 ³)
1119 2715 1235 2749 Ob.1›0st
1255 2725 1279 2742 (ι.
1294 2719 1361 2743 1335.
1469 2717 1489 2750 ⁴)
1514 2716 1558 2743 Ob.
1573 2725 1596 2742 a.
1611 2719 1678 2742 1265.
