2054 2948
263 124 323 154 142
855 110 1039 139 DIOECESIS
1058 109 1122 136 PAS
1128 107 1315 135 SAVIENSIS.

309 209 370 237 XV.
384 208 439 234 kal.
486 207 524 233 17.
570 202 741 233 Hainricus
759 200 828 241 pbr.
843 199 882 230 de
895 197 1076 228 Walthusa.
1114 200 1158 226 Fr.
1172 199 1274 225 Paulus
1290 198 1351 232 pbr.
1365 199 1394 224 et
1409 207 1447 223 m.
1461 197 1490 223 in
1503 196 1639 223 Gotwico.
1675 196 1719 222 Fr.
1734 196 1911 222 Hei-mannus

622 250 840 282 Tabereffloffer,
864 250 895 275 fr.
910 249 1045 274 lohannes
1064 245 1201 272 Molitoris
1220 244 1281 278 pbri
1301 246 1329 270 et
1347 244 1423 277 profi
1442 243 1470 269 in
1491 240 1695 275 Raytennbfich
1714 244 1743 269 et
1760 242 1911 268 multitudo

623 294 753 320 fidelium.
791 292 935 326 [Georgius
954 290 1147 316 Brenfurttner
1165 287 1224 321 pbr.
1240 287 1266 313 Si
1280 286 1356 313 Petri
1375 285 1555 320 Salisburga.]

294 350 369 377 XIV.
383 349 439 375 kal.
486 347 526 374 18.
569 342 751 382 Wulfingus
774 350 839 370 acc.
862 339 917 370 cfr.
936 349 965 368 n.
991 337 1031 368 de
1056 337 1205 368 Sekovia.
1251 334 1446 366 Perhtoldus
1470 344 1516 365 cv.
1539 334 1593 365 cfr.
1614 344 1644 364 n.
1668 333 1708 364 de
1728 332 1911 364 Walthusa.

625 391 764 419 Conradus
783 391 843 424 pbr.
861 391 889 415 et
908 398 967 415 can.
985 388 1012 414 iu
1033 386 1264 414 Niiwnchirchen.
1302 386 1342 420 [D.
1357 385 1549 418 sigismundus
1568 383 1668 410 Reindl
1687 384 1747 418 pbr.
1765 385 1794 410 et
1812 392 1872 409 can.
1884 383 1913 410 h.

624 435 713 461 monii.
756 434 890 460 Iohannes
911 432 972 465 pbr.
989 433 1018 457 et
1036 439 1095 457 can.
1115 427 1391 462 Herezenburgensis.
1432 427 1577 454 Oswaldus
1596 427 1705 453 Pfarrer
1727 426 1788 460 pbr.
1806 427 1835 452 et
1854 434 1913 452 can.

624 478 652 503 in
672 477 894 509 Reychensperg.
932 474 982 500 Ob.
997 474 1029 499 D.
1042 473 1176 499 Nicolaus
1195 472 1255 505 pbr.
1269 480 1301 497 ac
1320 471 1410 497 senior
1429 471 1457 496 in
1472 470 1640 504 Witingau]

298 534 371 560 XIII.
386 532 441 558 kal.
488 532 528 557 19.
572 526 644 567 Mgr
660 524 863 555 Haertwicus
886 522 953 563 pbr.
972 526 1004 552 et
1021 531 1089 552 can.
1108 519 1320 558 Pataviensis,
1344 519 1399 559 qui
1416 518 1505 549 dedit
1520 517 1613 548 nobis
1629 527 1690 548 ova
1705 515 1916 557 prebendalia

623 577 654 606 in
685 585 773 606 cena.
824 578 995 604 Laurencius
1023 577 1083 611 pbr.
1109 578 1138 603 et
1164 585 1224 602 cau.
1247 576 1277 601 in
1304 575 1368 601 Rot.
1420 573 1569 606 [Obierunt
1595 573 1671 607 apud
1698 573 1753 599 sum
1777 572 1916 599 Senonem

625 627 655 652 1).
670 625 805 651 Iohannes
825 624 1042 650 Pewnteckcher
1060 623 1176 656 ppos.²),
1199 622 1230 647 D.
1245 621 1343 648 Petrus
1363 621 1464 647 Krenss
1483 620 1572 646 senior
1590 619 1706 652 ibidem,
1735 619 1766 645 D.
1780 620 1917 646 Iohannes

624 669 765 698 Schwarz,
793 667 955 693 Chunradus
978 674 1018 691 cv.
1038 664 1149 690 ibidem.
1187 664 1229 689 Fr.
1244 662 1391 689 Zacharias
1410 663 1470 696 pbr.
1490 664 1518 688 et
1536 662 1606 696 prof.
1625 661 1654 687 in
1672 661 1837 695 Formpach.
1873 661 1916 687 Fr.

625 710 792 737 Benedictus
812 709 871 743 pbr.
886 710 914 735 et
933 708 1001 742 prof.
1016 716 1048 733 ac
1068 707 1158 733 senior
1176 705 1300 739 ibidem]

314 766 444 793 XII.kal.
489 764 530 791 20.
576 758 742 790 Gotfridus
765 757 834 798 pbr.
856 760 888 787 et
912 766 979 786 can.
1003 756 1043 787 de
1068 755 1103 785 S⁰
1128 754 1272 795 Ypolito.
1320 752 1512 784 Gebhardus
1536 753 1605 794 pbr.
1629 757 1661 784 et
1685 763 1753 784 can.
1770 753 1800 783 h.
1819 752 1916 784 ecolie.

626 808 776 835 Mauricius
796 807 994 840 Truchtlingar
1017 815 1076 832 can.
1097 805 1125 831 in
1144 804 1400 838 Perchtolczgaben
1420 804 1466 830 cfr.
1485 813 1511 830 n.
1549 803 1712 830 chunradus
1737 803 1771 829 de
1792 804 1919 836 Wyenna

626 852 685 885 pbr.
700 853 728 877 et
747 859 806 877 can.
826 851 907 876 ecclie
925 850 946 874 si
966 849 1083 882 Ypoliti.
1124 848 1261 874 Iohannes
1280 848 1314 873 de
1334 846 1464 880 Triginta
1483 847 1615 873 Ecclesiis
1633 846 1693 880 pbr.
1712 848 1741 873 el:
1760 855 1819 873 can.
1837 846 1919 873 ecclia

627 900 651 920 se
666 894 752 920 Marie
772 893 800 918 in
813 892 975 925 Newburga
989 891 1147 918 Claustrali.
1179 890 1210 917 D.
1226 889 1359 916 Nicolaus
1372 890 1432 924 pbr.
1447 891 1476 916 et
1490 898 1549 916 can.
1564 889 1591 915 in
1602 890 1765 924 Witignow.
1798 889 1840 924 [D.
1851 889 1918 916 Con-

626 937 708 963 radus
728 937 858 969 Wagner.
896 935 938 961 Fr.
955 935 1068 961 lacobus
1094 943 1135 960 ον.
1153 933 1235 959 monii
1258 933 1279 959 si
1298 933 1373 960 Petri
1394 933 1569 966 Salczburge.
1606 932 1650 959 Fr.
1669 933 1790 959 Thomas
1810 932 1920 959 Hueber

627 979 811 1008 Patavieusis,
831 987 887 1004 acc..
902 978 930 1003 in
950 978 1119 1011 Baumburg.
1156 977 1206 1003 Ob.
1222 975 1386 1010 Ingolstadii
1407 984 1448 1001 ao.
1464 976 1548 1009 1593]

328 1034 446 1061 XLkal.
491 1034 532 1059 21.
578 1027 655 1059 Otto
686 1027 755 1067 pbr.
780 1030 812 1057 et
841 1037 908 1057 ean.
935 1026 974 1056 de
1002 1025 1039 1056 So
1061 1025 1211 1056 Floriano
1243 1024 1298 1055 cfr.
1319 1035 1348 1054 n.
1402 1028 1526 1054 Barbara
1550 1028 1681 1055 Waserin
1704 1023 1814 1055 smonu*
1837 1023 1921 1055 monii

628 1084 652 1104 se
673 1077 759 1104 Marie
784 1077 812 1103 in
831 1077 1010 1110 Newnburga
1030 1075 1190 1102 Claustrali.
1234 1075 1368 1101 Iohannes
1391 1074 1448 1101 dec.
1467 1075 1527 1108 pbr.
1545 1076 1573 1101 et
1595 1074 1664 1108 prof.
1683 1074 1764 1101 monii
1783 1074 1810 1100 in
1831 1074 1921 1101 Neiiu—

629 1121 757 1151 kirchen,
783 1120 830 1146 cfr.
844 1129 870 1145 n.
908 1120 1028 1145 Thomas
1047 1119 1182 1144 Mattseer
1200 1118 1259 1151 pbr.
1279 1119 1307 1144 et
1326 1126 1386 1143 can.
1404 1117 1431 1143 in
1452 1118 1681 1150 Rewcheusperg.
1719 1117 1772 1150 [Fr.
1786 1117 1921 1151 Georgius

630 1164 712 1190 Fabri
731 1172 785 1190 sac.
800 1165 828 1190 et
847 1173 881 1188 m.
896 1163 923 1188 in
944 1162 1124 1196 Alderspach.
1162 1162 1192 1187 D.
1208 1160 1377 1196 Augustinus
1394 1160 1529 1187 Schiessel
1548 1160 1608 1194 pbr.
1625 1162 1653 1186 et
1672 1168 1731 1186 ean.
1745 1160 1771 1186 h.
1786 1161 1885 1193 monii]

344 1219 377 1245 X.
391 1218 447 1244 kal.
492 1217 533 1243 22.
578 1212 670 1254 Egno
695 1211 763 1252 pbr.
781 1211 822 1242 de
840 1210 876 1241 S«,
893 1210 1025 1251 Ypolito
1043 1211 1098 1240 cfr.
1116 1221 1145 1240 n.
1186 1213 1370 1240 Wolfhardus
1386 1213 1478 1239 dictus
1495 1213 1587 1246 Geyer
1602 1213 1664 1247 pbr.
1682 1215 1711 1239 et
1727 1222 1787 1240 can.
1806 1213 1920 1240 ibidem.

631 1262 674 1287 Fr.
691 1261 883 1295 Sigismundus
907 1260 978 1286 diac.
998 1261 1026 1286 in
1051 1260 1113 1285 Ror.
1157 1259 1304 1292 [Obierunt
1328 1268 1360 1285 ex
1384 1260 1470 1285 monin
1496 1260 1515 1285 si
1536 1259 1658 1286 Floriani
1682 1268 1765 1293 super
1788 1260 1921 1286 Anesum:

631 1305 660 1330 D.
676 1304 862 1338 Wolfgangus
882 1302 1051 1329 Prunscbedl
1076 1302 1167 1328 senior
1191 1304 1219 1328 et
1240 1303 1268 1328 D.
1284 1302 1389 1336 Caspar
1408 1302 1584 1329 Hedlhueber
1604 1302 1664 1336 pbri
1684 1305 1712 1329 et.
1731 1303 1791 1328 cani
1810 1302 1922 1328 ibidem.

631 1347 673 1373 Fr.
687 1346 822 1381 Georgius
841 1346 901 1380 pbr.
916 1348 944 1372 et
963 1355 998 1372 m.
1012 1346 1040 1371 in
1060 1345 1163 1371 Altach
1182 1345 1327 1379 Inferiori]

333 1403 378 1428 IX.
393 1401 448 1427 kal.
493 1400 534 1426 23.
579 1396 705 1427 Uli-icus
729 1405 819 1435 ppos,
838 1394 927 1425 ecclie
949 1393 970 1423 si
990 1393 1131 1424 Floriani
1141 1393 1168 1433 2)
1193 1393 1247 1424 cfr.
1265 1404 1295 1423 n.
1343 1393 1416 1434 Mgr
1438 1393 1601 1424 Heroldus
1625 1404 1694 1424 can.
1711 1392 1924 1424 Pataviensis.

631 1446 724 1477 Unde
749 1446 906 1476 habemus
933 1448 990 1476 111,
1012 1445 1205 1476 reddituum.
1244 1449 1360 1476 Carolus
1384 1450 1467 1483 Rasp.
1506 1450 1650 1476 Dorothea
1674 1458 1720 1475 ux.
1737 1449 1805 1475 eius
1846 1449 1924 1475 Unde

634 1497 766 1523 habemus
785 1497 800 1521 2
814 1498 843 1522 41».
862 1496 1020 1522 reddituum
1040 1496 1073 1521 de
1093 1495 1170 1522 curia
1189 1496 1217 1521 in
1232 1495 1317 1522 Grub.
1354 1496 1395 1528 [D.
1411 1496 1545 1530 Georgius
1564 1496 1597 1522 de
1612 1495 1723 1522 Mellico
1743 1496 1803 1529 pbr.
1817 1497 1845 1522 et
1865 1504 1925 1523 can.

634 1540 666 1565 de
686 1540 717 1564 Su
732 1538 858 1564 Floriano
879 1539 926 1564 cfr.
939 1548 964 1564 u.
1002 1539 1051 1564 Ob.
1066 1539 1096 1564 D.
1110 1539 1282 1565 Wilibaldus
1301 1539 1442 1565 Melltaler
1460 1539 1519 1572 pbr.
1534 1541 1563 1565 et
1582 1548 1616 1565 m.
1631 1539 1658 1564 in
1676 1539 1778 1565 Altach
1798 1538 1925 1565 Inseriori

634 1585 662 1609 et
681 1591 759 1615 ppos.
772 1582 798 1607 iu
820 1581 994 1607 Riuichnach
1013 1590 1055 1608 ao.
1070 1582 1100 1607 Di
1117 1582 1200 1614 1558]

308 1633 381 1659 VIII.
397 1632 452 1658 kal.
497 1631 537 1657 24.
584 1625 773 1657 Chunradus
803 1625 872 1665 pbr.
897 1625 934 1655 fr.
958 1636 987 1655 n.
1012 1636 1079 1656 can.
1108 1625 1148 1655 de
1179 1625 1215 1655 S0
1238 1625 1397 1656 Floriano.
1451 1624 1594 1655 Gerboto
1623 1635 1713 1665 ppos.
1738 1624 1767 1655 h.
1794 1624 1926 1665 eeclissfl)

636 1677 733 1702 Petrus
753 1675 844 1702 dictus
863 1674 964 1702 suit-hs
984 1676 1043 1709 pbr.
1058 1678 1085 1701 et
1105 1684 1164 1702 can.
1179 1676 1206 1701 in
1226 1676 1387 1702 Novacella.
1425 1675 1455 1701 D.
1470 1675 1618 1701 Hainricus
1631 1674 1847 1701 Fr6schi1moser
1866 1675 1926 1708 pbr.

635 1722 663 1745 et
682 1727 741 1744 can.
756 1718 785 1744 in
805 1718 970 1745 Ranshofen.
1008 1718 1040 1744 D.
1054 1718 1182 1744 Erasmus
1196 1718 1401 1745 Stsstzendorfer
1420 1719 1479 1752 pbr.
1494 1720 1522 1744 et
1541 1726 1600 1744 can.
1614 1717 1642 1743 in
1656 1717 1779 1744 Secovia.
1819 1717 1859 1751 [D.
1875 1717 1928 1743 Va-

634 1762 756 1788 lentinus
776 1762 956 1787 Tanntzhaus
975 1771 1030 1788 sen.
1045 1763 1073 1788 et
1092 1770 1150 1788 cau.
1166 1762 1192 1787 in
1208 1762 1368 1788 Novaeella.
1406 1760 1543 1787 Martinus
1563 1761 1596 1787 de
1613 1760 1716 1795 Posing
1735 1761 1795 1794 pbr.
1810 1763 1838 1787 et
1857 1761 1927 1794 prof.

635 1805 662 1830 in
688 1804 819 1831 Gsstwico.
862 1805 998 1830 Iohannes
1024 1805 1083 1838 pbr.
1102 1807 1131 1831 et
1154 1814 1189 1830 in.
1209 1805 1288 1830 mouii
1312 1804 1394 1830 Clara
1418 1805 1546 1830 Lucente.
1593 1803 1642 1830 Ob.
1662 1804 1779 1830 honesta.
1801 1805 1929 1830 matrona

636 1848 755 1881 Agatha,
776 1856 846 1880 quae
866 1847 919 1873 suit
933 1849 1022 1873 mater
1040 1847 1072 1873 Di
1086 1847 1206 1880 praelati
1221 1847 1371 1881 Augustini
1390 1848 1415 1873 h.
1429 1848 1508 1872 monii
1524 1847 1608 1880 pposi,
1630 1846 1704 1873 1568.
1742 1847 1791 1873 Ob.
1805 1855 1928 1873 reveren-

636 1891 685 1916 dus
709 1891 736 1916 iu
760 1890 871 1916 Christo
893 1891 921 1916 1).
941 1891 1076 1916 Antonius
1096 1890 1241 1916 Fabricius
1264 1890 1360 1916 doctor
1383 1895 1408 1915 se
1428 1889 1599 1923 Theologiae
1626 1891 1654 1914 et
1677 1889 1734 1916 dec.
1752 1889 1929 1916 Pataviensis

637 1943 679 1960 ao.
694 1934 724 1959 Di
739 1934 848 1967 (15)96.]

330 1984 387 2010 VII.
401 1984 457 2009 kal.
502 1983 543 2008 25.
588 1978 784 2019 Dyetmarus
812 1988 902 2018 ppos.
927 1977 1018 2008 ecclie
1042 1977 1303 2018 Seccovicnsisst)
1348 1976 1474 2007 Ulricus
1497 1987 1588 2017 ppos.
1611 1976 1641 2006 h.
1659 1975 1791 2016 eccl⁵³.⁵)
1837 1981 1870 2006 D.
1888 1981 1929 2007 Io-

638 2029 741 2054 hannes
762 2028 795 2054 de
810 2028 1006 2060 Reichenburg
1025 2028 1083 2061 pbr.
1099 2030 1125 2053 et
1146 2028 1204 2053 dec.
1219 2027 1453 2061 Salczburgensis.
1491 2027 1541 2053 Ob.
1556 2027 1588 2053 fr.
1604 2026 1769 2053 Benedictus
1789 2035 1845 2052 acc.
1859 2026 1930 2060 prof.

638 2071 665 2096 in
685 2070 811 2097 Gotwico
831 2072 878 2096 cfr.
897 2080 921 2096 n.
959 2070 1002 2098 Fr.
1017 2071 1178 2097 Cristannus
1198 2071 1258 2104 pbr.
1276 2074 1304 2096 et
1323 2070 1392 2104 prof.
1411 2070 1439 2096 in
1458 2069 1622 2103 Formpach.
1661 2070 1701 2095 Fr.
1716 2069 1851 2096 Iohannes
1870 2069 1930 2103 pbr.

640 2116 668 2139 et
688 2114 756 2146 prof.
771 2115 799 2139 et
818 2122 895 2146 ppos.
910 2113 937 2138 in
958 2113 1125 2139 Gloekhnitz
1144 2113 1266 2146 ibidem]

342 2162 388 2188 VI.
402 2162 457 2187 kal.
502 2161 543 2186 26.
589 2156 750 2187 Polizlaus
783 2157 940 2197 archieps.
972 2156 1273 2198 Salczpu1·gensis.⁶)
1329 2156 1476 2187 Alhaidis
1508 2155 1782 2195 Schleicherinna,
1817 2166 1836 2186 a
1869 2165 1932 2196 qua

641 2207 797 2238 habemus
822 2209 860 2238 80
876 2212 898 2243 ᾧ.
923 2209 1096 2239 annuatim.
1144 2212 1281 2239 Obierunt
1305 2213 1338 2238 D.
1355 2212 1503 2244 Martinus,
1528 2212 1559 2238 D.
1576 2211 1726 2243 Erhardus,
1751 2211 1785 2237 D.
1800 2211 1931 2243 Matthias,

642 2258 672 2283 D.
686 2258 860 2283 Eberhardus
879 2258 912 2284 de
933 2258 1192 2292 Herczogenburch.
1221 2258 1324 2285 ibidem
1344 2258 1424 2291 profi,
1449 2258 1509 2291 pbri
1528 2259 1556 2284 et
1575 2258 1642 2284 cani.
1680 2257 1801 2283 Michael
1825 2257 1885 2291 pbr.
1904 2258 1933 2283 et

642 2300 709 2333 prof.
728 2300 755 2325 in
775 2300 908 2327 uetwico.
952 2301 983 2327 D.
997 2301 1131 2334 Georgius
1151 2301 1327 2335 Hiienervogl
1347 2301 1405 2335 pbr.
1425 2303 1454 2327 et
1473 2310 1532 2327 can.
1550 2300 1729 2327 Secoviensis.
1773 2301 1803 2326 D.
1817 2300 1933 2326 Ioannes

644 2342 815 2375 Englprecht
834 2342 894 2375 pbr.
908 2345 936 2369 et
956 2352 1014 2368 can.
1029 2343 1152 2376 ibidem]

362 2390 392 2415 V.
405 2390 460 2415 kal.
506 2389 547 2415 27.
592 2385 759 2426 Philippus
788 2385 856 2426 pbr.
882 2386 936 2417 cfr.
961 2397 989 2416 n.
1016 2386 1056 2417 de
1085 2386 1121 2417 S0
1144 2387 1287 2428 Ypolito.
1339 2385 1510 2416 Hainricus
1538 2383 1607 2424 pbr.
1631 2385 1664 2413 et
1692 2383 1724 2414 h.
1747 2382 1836 2414 ecclie
1863 2393 1931 2413 can.

642 2436 799 2468 Stephanus
818 2436 877 2469 pbr.
896 2439 924 2463 et
943 2446 1002 2462 can.
1017 2437 1052 2463 ad
1071 2437 1128 2463 Sum
1148 2438 1316 2464 Florianum.
1354 2437 1463 2462 Marcus
1484 2435 1624 2461 Pruckner
1642 2434 1702 2467 pbr.
1723 2435 1751 2460 et
1769 2442 1828 2459 can.
1842 2433 1933 2459 Neun—

645 2479 730 2513 burge
745 2479 918 2505 Claustralis.
958 2480 1139 2513 Wolfgangus
1158 2480 1219 2513 pbr.
1234 2481 1262 2506 et
1281 2489 1315 2505 m.
1329 2478 1504 2512 Aspaceusis.
1541 2477 1583 2503 Fr.
1598 2477 1721 2502 Andreas
1740 2475 1831 2501 senior
1850 2484 1892 2501 cv.
1905 2475 1933 2500 in

646 2521 810 2556 Witiguaw.
848 2522 947 2548 Petrus
963 2522 1101 2556 Rosskopl'
1119 2523 1178 2555 pbr.
1192 2524 1221 2548 et
1239 2531 1297 2549 can.
1312 2522 1340 2548 in
1356 2521 1578 2554 Reychensperg.
1616 2519 1657 2552 [D.
1672 2518 1809 2545 Iohannes
1821 2517 1934 2544 Molitor

643 2564 702 2597 pbr.
716 2566 744 2590 et
763 2573 822 2590 can.
835 2565 925 2590 senior
944 2565 969 2590 h.
984 2565 1083 2598 ecclie]

391 2677 410 2705 ¹>
434 2675 595 2701 Ob.a.150.5.
684 2676 704 2705 ²)
728 2675 772 2701 Ob.
786 2684 810 2701 a.
823 2679 894 2701 1295.
983 2677 1004 2707 3)
1027 2675 1072 2701 Ob.
1081 2678 1145 2708 post
1158 2684 1183 2702 a.
1195 2679 1263 2702 1257.
1353 2676 1373 2707 ⁴)
1397 2674 1442 2700 Ob.
1456 2682 1481 2700 a.
1492 2675 1563 2699 1346.
1653 2673 1673 2704 ⁶)
1695 2670 1739 2697 Ob.
1746 2673 1809 2703 post
1822 2678 1847 2696 α.
1858 2672 1930 2696 1320.

237 2733 242 2735 -
287 2718 308 2749 6>
328 2717 419 2744 Recte:
439 2717 592 2743 Ladislaus.
630 2717 797 2744 Ob.a.1270.
