2054 2948
700 84 963 111 NECROLOGIUM
983 84 1204 112 GARSTENSE.
1717 91 1777 121 335

485 169 677 203 Hieronymus,
697 168 870 200 Guilielmus.
890 170 1038 199 Romanus,
1060 170 1165 201 Petrusy
1180 179 1272 197 omnes
1287 172 1347 204 pbri
1363 172 1395 198 de
1409 172 1510 199 Altach
1525 173 1658 199 Inferiori.
1686 174 1779 200 Ferdi-

487 211 594 238 naudus
614 214 642 238 et
663 212 760 238 Victor
778 212 850 245 profi
868 212 980 238 ibidem.
1016 212 1198 239 Sebastianus
1217 213 1276 246 pbr.
1296 216 1324 240 et
1348 215 1438 241 senior
1455 215 1488 241 de
1511 215 1658 242 Gottwico.
1700 217 1779 242 Anna.

488 254 596 288 Regina
616 254 692 288 profa
711 254 739 279 in
754 254 970 280 Hochenwarth.
1001 255 1080 281 Anna.
1094 255 1246 282 Catharina
1266 257 1342 289 prosa
1360 257 1472 284 ibidem.
1510 258 1626 285 Ioannes
1644 259 1780 292 Georgius

487 305 540 322 sac.
560 296 708 328 inbilatus,
736 297 805 330 prof.
823 296 852 322 in
871 297 1041 330 Baumburg.
1079 297 1215 330 Kylianus
1243 299 1302 332 pbr.
1322 299 1357 325 ad
1376 299 1419 325 80⁵
1438 300 1598 327 Udalricum
1623 303 1651 327 et
1676 301 1780 327 Afrani.

487 339 659 366 Coelestinus
691 339 752 372 pbr.
768 339 976 370 Admontensis‚
996 339 1027 365 fr.
1046 340 1232 374 IVolfgangus
1257 349 1298 367 cv.
1320 341 1433 368 ibidem.
1485 343 1574 369 Maria
1604 343 1676 370 Rosa
1705 343 1780 377 prosa

486 382 515 408 in
534 382 668 408 Kiebach.

148 427 236 454 XVII.
247 426 309 452 kal.
357 426 396 452 16.
442 426 492 453 Ob.
513 425 677 458 cunigunda
705 425 828 458 Hagerin
856 424 1029 451 benefactrix
1053 430 1094 452 11².
1140 426 1169 452 D.
1191 426 1366 452 Eberhardus
1392 427 1458 453 olim
1481 427 1550 461 prof.
1568 427 1597 453 in
1618 427 1780 461 Tegernsee.

488 468 553 495 abb.
568 468 672 501 primus
692 468 719 494 in
736 468 830 494 Monte
844 467 947 494 Sancto
968 468 1071 494 Andex.
1103 467 1215 494 Gabriel
1235 469 1295 502 pbr.
1310 468 1337 494 in
1352 469 1515 502 Tegernsee.
1546 469 1702 495 Bel-nardus
1721 470 1782 503 pbr.

487 511 521 538 de
544 511 647 537 Altach
667 510 817 545 Superiori.
854 510 975 537 Michael
1000 511 1058 537 dec.
1079 511 1112 536 de
1132 510 1375 543 Closter-neuburg.
1413 511 1562 545 Philippus
1585 512 1649 538 abb.
1665 512 1782 538 Lamba-

488 554 618 585 censis').
645 554 714 587 prof.
733 553 982 587 Creniiphanensis.
1026 554 1162 580 Matthias
1188 554 1247 588 pbr.
1265 554 1299 580 de
1319 554 1542 581 Seittenstett-en.
1580 554 1702 581 Thobias
1723 555 1782 588 pbr.

488 597 521 623 de
541 596 661 623 Mellico.

166 641 239 667 XVI.
254 640 312 666 kal.
358 641 398 666 17.
444 639 494 666 Ob.
508 639 695 673 WVolfg-angus
714 640 774 673 pbr.
788 639 821 665 de
842 640 960 666 Mansce.
998 639 1183 673 wolfgangus
1203 639 1263 673 pbr.
1284 639 1310 665 in
1331 640 1495 674 Tegernsee.
1533 640 1648 666 Ioannes
1668 640 1728 673 pbr.
1748 641 1781 666 de

487 682 557 709 Attl.
592 682 716 708 Andreas
730 683 789 716 pbr.
803 682 837 708 de
850 681 1010 716 Salzburga.
1049 682 1215 709 Benedictus
1235 682 1304 716 pbr..
1325 682 1513 709 Emmerarnus
1532 683 1669 716 supprior,
1689 683 1783 710 Hiero-

490 734 589 758 nymus
608 725 732 751 subdiac.
753 725 785 752 de
807 725 968 751 Ratisboua.
1006 726 1121 751 Ioannes
1141 734 1182 751 cv,
1202 725 1236 751 de
1255 725 1358 751 Altaoh
1378 725 1549 759 Supperiori.
1586 726 1703 752 Iacobus
1722 726 1783 759 pbr.

488 768 522 794 (le
542 768 664 794 Mellico.
702 767 890 802 XVolfgangus
909 768 969 801 pbr.
987 769 1015 794 et
1035 767 1125 794 senior
1144 768 1177 794 de
1196 767 1317 794 Mellico.
1355 768 1523 795 Benedictus
1542 768 1602 802 pbr.
1616 768 1644 794 in
1663 768 1782 795 Monsee.

478 811 622 845 .Iosephus
646 811 706 844 pbr.
728 810 757 836 in
780 811 856 837 Rott.
904 811 1065 837 Franciscus
1090 811 1149 844 pbr.
1171 811 1374 845 Priflingensis.
1419 811 1604 845 Engelbertus
1628 811 1687 845 pbr.
1706 811 1783 838 Gott-

488 854 623 880 wieensis.
661 853 751 879 Maria
770 853 932 879 Adelheidis
951 854 1027 887 prof³
1046 853 1073 879 in
1094 853 1228 879 Kiebach.

174 897 305 924 XV.ka1.
353 898 393 923 15.
439 896 489 923 Ob.
504 896 625 923 Michael
645 897 705 930 pbr.
725 896 758 923 de
778 896 924 922 Lambaco.
963 897 1079 923 Iacobus
1103 896 1162 930 pbr.
1181 897 1214 923 de
1234 896 1337 922 Altaeh
1357 896 1507 930 Superiori.
1545 897 1704 930 Stephanus
1724 897 1783 930 pbr.

490 939 523 966 de
543 939 641 966 Peiirn.
678 939 710 965 D.
724 940 861 972 Casparus
881 939 944 965 abb.
964 939 1163 971 Mellicensis.²)
1201 939 1335 969 Miehael.
1355 940 1477 969 Carolus,
1498 939 1640 966 Conradus
1659 941 1686 966 et
1702 939 1783 965 Alex-

489 982 575 1008 ander
593 982 653 1015 pbri
674 982 707 1008 de
727 982 954 1008 Cremsmiinster.
990 981 1133 1016 Religiosa
1152 990 1203 1008 sor.
1218 982 1351 1009 Theresia
1372 982 1448 1015 prosa
1467 982 1494 1007 in
1514 982 1648 1008 Kiebaeh.
1678 983 1784 1008 Ioanna

491 1024 623 1058 priorissa
642 1024 756 1050 ibidem.
796 1024 958 1050 Ambrosius
978 1033 1019 1050 cv.
1033 1024 1060 1050 in
1075 1025 1238 1059 'I'egernsee
1277 1025 1460 1051 Corbinianus
1479 1024 1539 1058 pbr.
1558 1024 1586 1050 in
1606 1024 1784 1051 Oberaltach.

489 1067 661 1101 Augustinus
680 1067 771 1093 senior
790 1067 902 1093 ibidem.
941 1068 1058 1101 Magnus
1077 1067 1137 1101 pbr.
1151 1067 1179 1093 in
1199 1068 1349 1094 Lanibach.

162 1111 235 1137 XIV.
249 1111 306 1137 kal.
354 1111 395 1137 19.
441 1110 491 1137 Ob.
512 1110 646 1136 Henricus
666 1110 757 1143 Pugso
781 1112 809 1136 et
829 1110 939 1136 Diemut
959 1119 1003 1136 ux.
1020 1110 1091 1141 eius,
1116 1110 1307 1137 benefactores
1334 1119 1355 1137 c.
1376 1120 1401 1136 n.
1453 1110 1484 1136 D.
1505 1110 1646 1136 Conradus
1672 1109 1735 1136 abb.
1756 1109 1784 1135 in

490 1153 677 1186 'I'ege1-nsee.³)
709 1152 740 1178 D.
755 1152 883 1178 Erasmus
903 1153 967 1179 abb.
983 1153 1015 1179 de
1031 1153 1217 1185 Ratisbona.⁴)
1250 1153 1366 1179 lacobus
1380 1153 1455 1186 prior
1473 1153 1505 1179 de
1519 1153 1622 1179 Altach
1635 1152 1784 1186 Superiori.

488 1196 522 1222 D.
541 1195 663 1221 Absalon
687 1204 766 1228 ppos,
785 1195 812 1221 in
837 1195 1071 1229 Reicherspergfi)
1116 1196 1253 1229 Caspai-us
1277 1205 1311 1221 m.
1330 1196 1363 1222 de
1387 1195 1490 1222 Altach
1514 1195 1648 1222 Inferiori.
1694 1195 1783 1221 Maria

492 1238 661 1272 Magdalena
677 1238 754 1271 profu
774 1237 802 1263 in
817 1238 951 1271 Nunberg
964 1238 1129 1272 Salisburgi.
1161 1238 1193 1264 D.
1209 1238 1358 1272 Gregorius
1377 1238 1440 1264 abb.
1455 1238 1482 1264 in
1496 1238 1784 1272 Weichenstephan.‘³)

163 1282 237 1308 XIII.
252 1281 309 1308 kal.
355 1281 396 1309 20.
443 1280 494 1307 Ob.
509 1281 540 1307 Di
559 1280 754 1312 Bertholdus⁷>
774 1283 802 1307 et
816 1281 964 1311 Thomasss)
984 1281 1066 1309 abbes
1086 1290 1147 1307 cum
1167 1281 1231 1307 aliis
1251 1281 1410 1314 quindecim
1430 1290 1454 1307 n.
1469 1290 1491 1307 c.
1523 1281 1553 1307 D.
1568 1281 1702 1314 Georgius
1721 1281 1784 1306 abb.

492 1325 524 1351 de
549 1324 791 1357 C1·e111sminster.⁰)
824 1324 940 1351 Ioannes
960 1324 1089 1358 supprior
1108 1324 1141 1350 de
1161 1325 1296 1358 Augusta.
1332 1323 1469 1350 Matthias
1494 1325 1554 1357 pbr.
1573 1324 1601 1350 in
1621 1323 1783 1350 Fornibach.

493 1367 656 1393 Bonifacius
676 1367 735 1400 pbr.
753 1366 786 1392 de
807 1367 928 1393 Mellico.
965 1366 1138 1394 Aemilianus
1159 1367 1218 1400 pbr.
1238 1367 1271 1393 de
1290 1367 1394 1393 Altach
1414 1366 1548 1393 lnferiori.
1590 1367 1631 1393 Fr.
1646 1365 1784 1393 Nivardus

492 1409 521 1436 in
536 1409 778 1436 Haittenhaslach.
810 1409 971 1436 Ambrosius
991 1410 1051 1443 pbr.
1066 1410 1320 1443 Crenriphanensis.
1352 1410 1380 1435 P.
1395 1410 1534 1436 Romanus
1553 1409 1691 1443 quondam
1711 1409 1786 1443 prior

491 1462 516 1479 n.
531 1461 553 1479 c.
566 1452 761 1479 meritissimus
781 1455 810 1479 et
828 1453 968 1487 parochus
986 1453 1158 1485 Styrensis&

179 1496 239 1523 XII.
253 1496 311 1522 kal.
359 1496 400 1522 21.
446 1495 497 1522 Ob.
511 1495 693 1522 Berchtoldus
714 1495 773 1529 pbr.
788 1495 816 1521 in
835 1496 1001 1529 Tegernsee.
1039 1495 1070 1522 D.
1086 1495 1253 1521 Benedictus
1272 1495 1382 1528 abb.¹¹').
1403 1496 1519 1522 Ioannes
1539 1496 1599 1529 pbr.
1614 1495 1647 1522 de
1666 1495 1786 1520 Mansee.

492 1538 671 1564 Leonhardus
692 1539 752 1572 pbr.
772 1539 806 1565 de
825 1539 1034 1566 Seittensteten.
1078 1539 1214 1565 Henricus
1233 1538 1310 1572 prior
1332 1539 1365 1565 de
1390 1539 1469 1565 Seon.
1510 1539 1540 1565 D.
1559 1538 1704 1564 Florianus
1723 1537 1787 1563 abb.

492 1591 517 1607 n.
536 1583 596 1613 c.¹¹)
645 1581 762 1608 Thiemo
788 1582 862 1615 prior
886 1582 1023 1608 Altachae
1052 1582 1200 1608 Inferioris.
1250 1581 1389 1608 Erhardus
1415 1582 1475 1615 pbr.
1498 1582 1524 1608 in
1553 1581 1664 1608 Gleink.
1708 1581 1787 1606 Anna

493 1623 595 1650 Rosinu.
615 1632 666 1650 sor.
681 1624 704 1649 l*¹
724 1624 752 1650 in
774 1625 961 1658 Nidernburg.
999 1625 1129 1651 Placidus
1148 1625 1208 1658 pbr.
1226 1624 1259 1650 de
1279 1624 1357 1650 Cella
1371 1625 1484 1651 Mariae.
1522 1624 1637 1650 Ioannes
1657 1623 1787 1656 Baptista

492 1667 526 1693 de
546 1667 756 1701 Reichersperg.
802 1668 891 1694 Maria
911 1667 1043 1694 Theresia
1068 1668 1145 1702 profss
1163 1668 1191 1694 in
1212 1667 1346 1702 Nunberg
1365 1667 1530 1701 Salisburgi.
1572 1666 1708 1693 Matthias
1727 1666 1787 1700 pbr.

495 1709 528 1735 de
547 1710 617 1736 Attl.

193 1753 239 1779 XI.
254 1753 309 1779 kal.
355 1753 397 1779 22.
444 1752 495 1778 Ob.
510 1752 648 1778 Dietricus
662 1761 702 1778 cv.
716 1753 745 1778 in
759 1753 922 1786 Tegernsee.
953 1753 1088 1779 Heni-icus
1103 1753 1162 1786 pbr.
1177 1753 1210 1779 de
1224 1753 1386 1780 Ratisbona.
1419 1752 1553 1786 Georgius
1566 1752 1624 1786 pbr.
1639 1752 1672 1778 de
1687 1751 1787 1777 Altach

493 1795 627 1821 Inferiori.
666 1796 782 1822 lacobus
801 1796 861 1829 pbr.
884 1796 917 1822 de
937 1796 1058 1822 Mellieo.
1095 1796 1271 1822 Guilhelmus
1290 1795 1360 1829 prof.
1379 1795 1412 1821 de
1432 1795 1642 1828 Reichersperg.
1679 1794 1711 1820 D.
1734 1793 1785 1819 Mi-

494 1838 573 1864 chael
592 1838 655 1864 abb.
670 1839 703 1865 de
723 1839 909 1871 Gottwico.¹²)
946 1839 1085 1865 Matthias
1105 1839 1165 1872 pbr.
1180 1838 1216 1864 ad
1235 1838 1292 1864 Sum
1306 1838 1476 1864 Florianum.
1514 1837 1647 1863 Nic—olaus
1666 1839 1694 1863 et
1713 1837 1787 1862 Mar-

493 1880 570 1907 tinus
595 1881 655 1914 pbri
674 1881 702 1907 in
727 1881 835 1908 Gleink.
883 1882 1000 1908 Iacobus
1023 1881 1083 1915 pbr.
1102 1882 1135 1908 de
1160 1881 1378 1908 Cremsuiinster.
1419 1880 1565 1906 Udalricus
1588 1880 1647 1913 pbr.
1666 1883 1694 1906 et
1722 1879 1788 1906 olim

494 1923 569 1957 prior
588 1924 623 1950 ad
643 1924 700 1950 Sum
714 1924 826 1951 Petrum
845 1924 1009 1959 Salisburgi.
1047 1925 1217 1959 Magdaleua
1236 1925 1311 1958 profu
1332 1925 1360 1950 in
1380 1924 1539 1957 Niderburg
1559 1922 1693 1949 Passavii.

213 1966 245 1993 X.
259 1967 315 1993 kal.
361 1967 403 1993 23.
449 1966 499 1993 Ob.
520 1967 637 1993 Iacobus
663 1967 722 2001 pbr.
743 1967 776 1994 de
800 1968 964 2002 Tegcrnsee.
1006 1967 1146 2002 Casparus
1164 1968 1225 2002 pbr.
1243 1967 1271 1993 in
1292 1967 1456 1994 Formbach.
1502 1966 1657 2000 Leopoldus
1677 1966 1737 1999 pbr.
1756 1965 1789 1991 de

499 2009 744 2044 Closterneuburg.
780 2010 916 2044 Georgius
935 2011 1058 2037 subdiac.
1077 2011 1110 2037 de
1131 2010 1209 2037 Cella
1228 2010 1341 2036 Mariae.
1380 2011 1520 2035 Romanus
1539 2009 1599 2043 pbr.
1613 2009 1641 2034 in
1660 2008 1788 2033 Admont.

498 2052 636 2078 Arnoldus
663 2053 722 2086 pbr.
743 2053 926 2080 Gluuicensis.
974 2053 1082 2079 Primus
1106 2054 1165 2087 pbr.
1188 2053 1215 2079 in
1237 2053 1312 2080 Rott.
1357 2053 1518 2079 Matthaeus
1542 2052 1602 2086 pbr.
1622 2051 1650 2077 in
1669 2050 1789 2084 Aspach.

499 2096 655 2122 Leonam-dus
681 2097 756 2130 prior
779 2097 815 2123 ad
833 2096 877 2123 8⁰⁵
897 2097 1059 2123 Udalricum
1085 2098 1113 2123 et
1139 2097 1234 2122 Afram
1259 2098 1412 2130 Augustae.
1457 2095 1500 2121 Fr.
1514 2095 1653 2120 Roma-nus
1672 2093 1740 2127 prof.
1761 2093 1790 2118 in

495 2139 622 2173 Prifling.

198 2181 243 2208 IX.
257 2181 313 2208 kal.
360 2182 401 2209 24.
447 2182 497 2209 Ob.
511 2183 633 2209 Michael
647 2183 707 2216 pbr.
722 2183 750 2208 in
764 2182 929 2217 Tegernsee.
961 2182 1103 2209 Conradus
1117 2183 1176 2216 pbr.
1192 2182 1225 2208 de
1238 2181 1358 2208 Mellico.
1391 2181 1520 2211 Quirinus
1534 2180 1607 2214 prior
1626 2180 1658 2206 de
1673 2179 1790 2212 Tegern-

496 2234 550 2252 see.
588 2225 686 2252 Petrus
706 2225 861 2252 Preuhofen
881 2225 1043 2252 benefactor
1061 2235 1086 2251 n.
1124 2225 1285 2259 Stephanus
1304 2225 1365 2258 pbr.
1383 2224 1417 2250 de
1437 2223 1558 2250 Mellico.
1595 2222 1710 2249 Iacobus
1730 2222 1789 2255 pbr.

497 2268 530 2294 tle
549 2268 714 2302 Tegernsee.
752 2268 867 2294 Iacobus
887 2268 946 2302 pbr.
961 2268 1165 2295 Admontensis

172 2309 246 2336 VIII.
259 2310 316 2336 kal.
362 2311 404 2337 25.
449 2311 500 2338 Ob.
521 2311 703 2337 Balthasarus
723 2311 783 2345 pbr.
801 2311 835 2337 de
855 2311 1064 2338 Seittensteten.
1102 2310 1200 2337 Gallus
1219 2320 1260 2337 cv.
1279 2311 1312 2336 de.
1339 2310 1415 2337 Cella
1434 2309 1548 2335 Mariae.
1591 2309 1706 2334 Ioannes
1731 2308 1790 2340 pbr.

498 2354 531 2381 de
552 2354 712 2388 Salzburga.
753 2355 784 2380 D.
804 2355 939 2389 Georgius
959 2355 1022 2380 abb.
1044 2354 1192 2387 ibidemw)
1234 2354 1379 2380 Florianus
1403 2362 1443 2379 ev.
1476 2351 1656 2378 Sebastianus
1678 2350 1738 2384 pbr.
1757 2349 1791 2375 de

499 2397 663 2431 Tegernsee.
684 2397 759 2431 prior
778 2397 806 2423 in
821 2397 900 2424 Seon.
934 2397 1126 2431 Guolfgangus
1146 2397 1204 2430 pbr.
1219 2397 1252 2423 de
1270 2397 1348 2423 Seon.
1381 2395 1506 2429 Benigno.
1520 2394 1596 2428 profs*
1615 2394 1642 2419 in
1658 2392 1791 2425 Nunberg

241 2497 263 2527 Β)
284 2497 318 2521 In
337 2498 452 2530 margine
471 2497 588 2522 additum
609 2497 705 2528 †1T()O.

245 2574 264 2605 1)
289 2572 335 2599 Ob.
351 2576 460 2599 a.1640.
585 2575 605 2606 ²)
630 2574 674 2600 Ob.
688 2582 711 2599 a.
725 2576 794 2604 1623,
814 2573 870 2598 (lies
888 2573 960 2599 varie
979 2573 1104 2599 traditur.
1231 2572 1251 2603 ³)
1270 2571 1306 2597 H.
1320 2578 1346 2597 n.
1359 2570 1420 2602 111,
1440 2569 1477 2596 ob.
1492 2572 1598 2595 c‹.1372.
1714 2568 1733 2599 4>
1755 2566 1790 2592 H.

139 2622 166 2640 n.
178 2614 226 2647 IL,
245 2615 282 2640 ob.
295 2624 320 2642 α.
332 2619 401 2642 1561.
543 2618 564 2649 ⁵)
589 2616 634 2643 Oh.
649 2620 755 2643 a.1615.
897 2617 917 2647 ⁰)
939 2615 983 2642 Ob.
999 2620 1097 2642 (1.1674
1116 2622 1200 2640 mense
1218 2615 1330 2640 Martio.
1466 2614 1486 2644 τ)
1507 2611 1551 2638 Ad
1569 2618 1644 2644 quem
1663 2608 1791 2643 pertinet?

140 2658 160 2688 ¹³)
185 2656 230 2683 Ob.
243 2662 345 2684 α.1446
364 2659 418 2685 Iul.
430 2662 468 2686 21.
576 2660 596 2691 ⁹>
620 2659 665 2686 Ob.
682 2668 707 2686 α.
720 2662 780 2686 1505
798 2667 884 2686 mense
898 2659 1009 2685 Martio.
1119 2659 1150 2689 1υ)
1173 2657 1336 2687 Gmstensis,
1356 2655 1395 2682 ob.
1407 2657 1480 2687 1488,
1500 2654 1556 2680 dies
1575 2653 1646 2679 varie
1664 2651 1789 2678 traditur.

142 2700 174 2732 ιι)
198 2699 244 2726 Ob.
252 2703 313 2733 post
331 2705 439 2728 a.1419.
549 2703 580 2734 ¹²)
603 2701 649 2728 Ob.
663 2711 688 2729 α,
701 2706 774 2729 1609.
885 2703 918 2735 ¹³)
943 2702 987 2728 Ob.
1002 2704 1107 2728 a.1535.
