2054 2948
225 123 281 154 188

265 210 326 236 Vll.
340 209 395 236 kal.
440 209 481 234 25.

295 262 327 288 V.
340 261 396 287 kal.
440 259 482 285 27.

279 312 327 338 Ill.
341 311 396 337 kal.
441 310 481 337 29.

296 363 330 389 11.
343 362 398 388 kal.
442 361 484 387 30.

281 549 328 575 VI.
342 558 403 574 non.
456 549 479 573 2.

282 600 327 626 IV.
342 607 406 625 non.
458 599 481 624 4.

269 651 330 676 VII.
344 650 379 676 id.
462 650 485 675 9.

280 703 327 728 III.
342 701 377 727 id.
444 700 485 727 13.

255 753 328 779 XVI.
342 752 397 779 kal.
444 752 484 778 17.

280 855 327 881 xl.
341 855 395 880 kal.
439 854 480 880 22.

295 907 328 932 X.
340 906 396 932 kal.
441 905 481 931 23.

281 957 326 983 IX.
339 957 395 983 kal.
439 956 480 983 24.

282 1059 326 1085 VI.
340 1058 395 1084 kal.
442 1058 483 1084 27.

295 1246 328 1272 H.
342 1254 404 1271 non.
460 1245 483 1270 4.

346 1306 408 1323 non.
462 1297 486 1322 5.

285 1349 332 1375 Ill.
346 1349 382 1375 id.
449 1349 488 1374 11.

232 1401 332 1427 XVIII.
346 1400 404 1426 kal.
451 1400 490 1425 15.

257 1448 329 1474 XVI.
343 1447 398 1473 kal.
447 1447 487 1472 17.

273 1581 329 1607 XV.
343 1581 399 1606 kal.
447 1579 487 1606 18.

285 1682 330 1708 XI.
344 1682 400 1708 kal.
445 1682 485 1707 22.

298 1734 330 1759 Χ.
344 1733 398 1759 kal.
443 1733 484 1759 23.

272 1785 330 1811 VH.
345 1784 400 1811 kal.
445 1785 485 1810 26.

302 1836 333 1862 V.
346 1835 401 1862 kal.
446 1836 487 1861 28.

286 1887 330 1913 IV.
344 1888 400 1913 kal.
445 1888 486 1913 ⁴29.

295 1989 342 2014 ΙΙΙ.
357 1989 411 2014 kal.
449 1989 489 2015 30.

348 2166 402 2191 kal.
467 2166 488 2191 I.

293 2216 338 2241 lV.
352 2225 413 2241 non.
467 2217 491 2243 2,

278 2267 336 2292 vn.
351 2267 387 2292 id.
470 2268 493 2292 7.

810 112 992 141 DIOECESIS
1010 109 1269 138 PASSAVIENSIS.

527 202 731 234 Heinricus
755 201 831 242 pbr.
849 200 889 230 fr.
907 211 936 230 n.

528 253 747 294 Leupoldus
771 251 847 292 pbr.
865 251 905 281 fr.
923 261 951 280 n.
998 247 1218 279 Wielandus
1242 247 1319 288 pbr.
1338 246 1378 277 fr.
1396 257 1426 277 n.

528 305 686 346 Syboto.
710 304 767 344 qui
792 301 897 333 dedit
921 300 1029 331 nobis
1054 298 1239 340 quandam
1264 298 1410 328 silvam.

530 355 759 387 wernherus
783 354 812 384 h.
834 353 909 383 loci
933 362 1037 393 ppos.
1055 351 1095 380 fr.
1114 350 1175 389 ιιι)

955 464 1124 499 IULlL’S.

526 542 734 574 Hertnidus
758 541 787 572 h.
805 540 879 570 loci
903 550 1005 580 ppos,
1024 538 1064 568 fr.
1082 538 1142 578 n.¹)

527 592 757 624 Gebhardus
781 592 857 632 pbr.
876 591 916 621 fr.
934 601 963 620 n.

532 643 776 676 Eberhardus
805 642 849 673 de
873 641 1076 682 Hayming,
1105 640 1167 680 qui
1196 639 1303 670 dedit
1326 639 1498 680 predium
1529 640 1565 669 in
1588 637 1861 679 Vilmfitspaoh.

531 696 650 736 Eppo.
677 695 738 736 qui
764 693 868 724 dedit
891 692 1065 733 predium
1088 692 1194 722 iuxta
1218 691 1393 721 Aschach
1418 693 1456 722 et
1478 690 1595 731 Ryed.

529 747 727 777 Wernherus
752 746 790 776 de
808 745 954 775 Maczsee
978 744 1029 773 vel
1047 742 1220 781 Maezsefir,
1245 743 1299 782 qui
1323 742 1412 773 dedit
1434 742 1527 773 nobis
1543 742 1691 783 predium
1713 741 1744 772 in
1760 741 1865 772 Melk-

578 798 691 838 ohaym
715 807 772 837 pro
796 796 913 827 annivio
938 805 993 825 suo
1018 794 1203 835 peragendo
1228 805 1276 825 ao.
1294 793 1332 824 Di
1349 793 1616 825 M⁰COO⁰LXII0.

526 849 734 880 Heinrieus
758 846 970 887 Trfitschyl.

528 899 752 931 Chfinradus
776 898 854 939 pbr.
877 901 912 929 et
936 897 1171 928 scolasticus.

525 949 782 982 Perchtoldus
808 949 883 980 dec.
902 950 937 979 in
962 947 1292 989 Pysscholfsdorf,
1317 947 1393 988 pbr.
1411 947 1451 978 fr.
1468 958 1498 977 n.
1537 946 1694 978 Richerus
1718 946 1757 977 de
1781 946 1867 977 Has-

578 1002 660 1043 pach
685 1002 721 1031 fr.
739 1012 767 1031 n.
786 1001 836 1032 ob.

529 1053 649 1094 Eppo,
676 1053 737 1094 qui
761 1052 866 1083 dedit
889 1051 1060 1093 predium
1085 1051 1119 1081 in
1144 1050 1457 1091 Gumpreehting.

912 1164 1179 1200 AUGUSTUS.

531 1240 771 1274 Gerhardus,
797 1241 861 1281 qui
886 1239 993 1270 dedit
1017 1238 1191 1280 predium
1216 1239 1250 1268 in
1274 1237 1493 1279 Phaeffing.

532 1292 747 1323 Miiehtildis
772 1302 828 1322 ux.
854 1290 1046 1321 Heri-andi
1071 1290 1114 1320 de
1137 1289 1298 1320 Salharn
1322 1289 1376 1320 ob.

533 1344 736 1374 Heinricus
761 1342 867 1384 pleb.
891 1343 927 1373 in
952 1341 1129 1382 Altheym
1153 1341 1336 1371 Inferiori
1359 1340 1400 1371 fr.
1418 1351 1447 1371 n.
1466 1340 1540 1381 pbr.

535 1395 741 1426 Heinrieus
765 1394 852 1435 pbr..
878 1395 944 1424 vic.
969 1405 998 1424 n.
1022 1394 1057 1423 iu
1081 1391 1270 1433 Phitffing.

534 1447 581 1471 Ao.
597 1446 627 1471 Di
642 1445 708 1471 1510
727 1446 769 1471 ob.
786 1445 869 1470 venlis
884 1444 924 1470 vir
938 1453 1006 1477 mgr.
1021 1443 1207 1477 Wolfgangus
1220 1443 1337 1469 Kriencz
1356 1442 1389 1469 de
1403 1441 1585 1472 Varichdorff,
1606 1442 1662 1468 dec.
1677 1442 1703 1468 h.
1717 1442 1805 1472 eeclie,
1825 1440 1870 1467 eui

584 1497 631 1521 por
656 1488 817 1514 canonicam
837 1486 1000 1513 electionem
1022 1485 1142 1519 capituli
1162 1485 1295 1512 suecessit
1316 1486 1346 1511 D.
1360 1485 1535 1512 Eberhardus
1554 1485 1664 1511 VVisner
1688 1485 1721 1511 de
1741 1485 1870 1519 Pegnicz,

583 1540 642 1558 can.
656 1531 838 1557 Matticensis.

536 1575 783 1609 wolframus,
822 1575 882 1615 qui
915 1573 1020 1604 dedit
1059 1574 1091 1606 ¹2
1124 1571 1258 1603 hubam
1294 1572 1328 1602 in
1356 1571 1615 1612 Ekkolwerg,
1651 1581 1746 1612 quam
1781 1573 1871 1602 tenet

583 1626 774 1667 Schotinger
798 1630 905 1657 contra
932 1625 1093 1655 iustitiam.

532 1677 792 1708 starchandus
816 1677 933 1708 miles.

530 1729 755 1767 Heinricus,
781 1729 843 1770 qui
868 1728 974 1758 dedit
999 1737 1141 1768 equum.

531 1781 787 1812 Wernhardus
812 1781 830 1811 l.
855 1781 890 1810 in
916 1779 1069 1820 Lapide.

534 1831 706 1862 Ortolfus
729 1831 825 1873 pleb.
851 1832 885 1861 in
911 1831 1071 1870 Laufen,
1096 1830 1172 1871 pbr.
1191 1829 1230 1860 fr.
1249 1841 1277 1860 n.

533 1883 755 1914 &vilhelmus
780 1883 857 1923 pbr.
877 1882 917 1913 fr.
937 1894 976 1921 n..
1002 1883 1065 1923 qui
1089 1882 1196 1912 dedit
1220 1881 1401 1912 fratribus
1425 1881 1461 1911 in
1479 1880 1672 1921 oblegium
1696 1879 1870 1920 predium

585 1939 674 1974 aput
698 1934 900 1974 Pri'imzing
923 1933 1073 1963 solvens
1098 1933 1276 1963 denarios
1298 1934 1351 1963 30.

535 1985 623 2025 Mgr.
643 1984 865 2015 (1⁴11finradus
889 1985 966 2025 pbr.
985 1985 1024 2015 fr.
1042 1995 1070 2014 n.

901 2090 1195 2124 SEPTEMBER.

534 2162 624 2203 Mgr.
644 2162 880 2194 normannus
905 2164 947 2194 de
973 2164 1219 2205 Cliyrchperg
1242 2163 1318 2204 pbr.
1337 2163 1376 2193 fr.
1394 2173 1423 2193 n.

537 2212 681 2253 Egeno.
707 2215 769 2254 qui
795 2215 898 2245 dedit
923 2215 1032 2246 ecelie
1057 2215 1228 2256 predium
1253 2215 1287 2244 in
1311 2214 1594 2254 Hylkersheinl.

539 2265 598 2293 Ao.
616 2264 652 2294 Di
670 2265 838 2296 millesimo
856 2266 935 2297 CCC
948 2266 1128 2297 'XLVIIIP'
1144 2265 1370 2296 Perichtoldus
1387 2265 1489 2296 dictus
1506 2264 1665 2295 Edelman
1685 2265 1761 2295 civis
1778 2264 1872 2294 Mati-

589 2315 690 2345 censis
707 2320 738 2346 et
755 2316 847 2347 lenta
865 2328 916 2347 ux.
935 2328 991 2347 sua
1010 2317 1059 2348 ob.
1100 2317 1161 2353 Qui
1179 2317 1267 2347 dedit
1284 2316 1373 2348 ecclie
1390 2316 1509 2347 hubam
1526 2317 1557 2346 in
1575 2315 1873 2358 Obernpergehaim

590 2377 688 2406 prope
706 2366 807 2406 Inue,
832 2379 892 2408 que
910 2368 1003 2399 solvit
1021 2372 1038 2398 (j
1055 2370 1085 2408 β.
1103 2368 1226 2408 Patav.,
1244 2369 1297 2409 qui
1315 2368 1433 2399 debent
1450 2367 1607 2409 equaliter
1624 2367 1769 2398 distribui
1793 2367 1875 2397 inter

588 2416 700 2447 fratres
725 2422 797 2448 tuno
822 2424 986 2459 presentes
1010 2421 1040 2450 in
1065 2419 1180 2450 annivffi
1205 2430 1330 2459 eorum,
1354 2421 1398 2450 ita
1422 2424 1456 2450 ut
1479 2419 1587 2460 vigilie
1612 2418 1728 2449 eodem
1752 2418 1803 2449 die
1829 2418 1874 2449 eis

590 2474 724 2508 agantur
754 2480 825 2500 eum
853 2471 947 2500 missa
978 2471 1127 2501 tonaliter
1156 2481 1213 2511 pro
1242 2471 1410 2501 defunctis.
1457 2471 1604 2502 Steuram
1627 2480 1702 2500 vero
1730 2469 1875 2510 predicte

590 2518 674 2549 hub(-
707 2520 737 2550 in
773 2522 888 2550 annivr
912 2522 971 2552 hoc
1005 2526 1053 2552 est
1084 2522 1114 2552 in
1138 2522 1246 2562 vigilia
1287 2521 1404 2553 Ceeilie
1429 2522 1559 2562 virginis
1597 2521 1723 2552 Ottonis
1751 2520 1820 2551 deei
1844 2520 1874 2550 h.

592 2571 680 2600 ecclie
705 2571 818 2602 eodem
843 2572 939 2603 modo
964 2573 1083 2603 debent
1105 2572 1259 2603 distribui.
1298 2574 1463 2613 Ali-icus,
1489 2573 1549 2614 qui
1574 2572 1679 2604 dedit
1702 2571 1874 2612 predium

591 2621 625 2650 iu
650 2621 776 2652 Monte
801 2623 905 2653 iuxta
930 2624 1122 2664 Herding.

340 2713 359 2744 ²)
379 2713 478 2737 Annus
496 2713 581 2738 obitus
600 2722 653 2739 'Htw
674 2718 781 2740 cmzstznfl
