2054 2948
224 169 273 196 III.
285 170 321 198 id.
388 174 428 200 11.

233 373 266 400 II.
281 374 317 402 id.
385 378 424 404 12.

279 476 314 503 id.
383 480 421 506 13.

159 728 260 758 XVIII.
274 733 330 760 kal.
377 736 416 764 14.

170 832 256 861 XVII.
271 835 327 863 kal.
374 839 413 866 15.

176 1191 249 1219 XVI.
264 1194 318 1221 kal.
367 1197 405 1223 16.

182 1397 243 1425 XV.
258 1399 312 1426 kal.
360 1403 399 1429 17.

165 1447 238 1476 XIV.
251 1450 306 1478 kal.
356 1454 395 1481 18.

161 1603 233 1632 XIII.
249 1606 304 1634 kal.

166 1904 226 1932 XII.
242 1906 298 1933 kal.

235 2137 291 2165 kal.

174 2288 221 2317 VI.
235 2299 297 2318 non.

185 2391 218 2419 V.
229 2402 290 2421 uon.

352 1610 390 1636 19.

344 1909 383 1936 20.

352 2294 374 2320 12.

702 90 936 122 NECROLOGIA
956 97 1290 132 WILHERINGENSIA.
1762 123 1824 152 457

473 177 636 205 Ambrosius
653 180 778 208 Puecher
793 192 830 210 m.
848 186 877 211 et
893 194 958 219 sac.y
975 190 1103 222 provisor
1119 192 1147 219 in
1164 194 1348 232 Newnburga‚
1367 198 1467 233 (15)20.
1502 199 1726 235 Chun1·adus
1749 217 1822 238 sac.

522 224 719 266 Pilgrinus
749 229 854 261 filius
886 232 1006 266 Ulrici
1036 237 1080 268 de
1109 238 1246 273 Steucz
1275 243 1385 276 dedit
1413 249 1561 281 vineam
1593 253 1627 284 in
1652 254 1821 295 Wienna;

524 274 676 308 Ulricus
700 283 814 320 pater
837 283 917 314 eius
942 285 1049 318 dedit
1072 290 1240 324 calicem.
1280 295 1493 338 Irmgardis
1517 302 1560 334 de
1584 303 1819 342 Roteneeke.

520 325 754 362 waltherus.
800 332 997 368 Henricua
1044 339 1302 377 Eberhardus.

469 375 604 409 Eticho
629 380 731 420 pleb.
778 383 1035 420 Hartmannus
1060 395 1243 426 notarius
1269 397 1378 430 dedit
1402 402 1563 436 vineam
1587 408 1657 439 sub
1682 415 1818 445 monte

516 427 814 476 Phaefenperig.
860 436 1015 471 Ulrieus
1038 446 1225 476 mutarius
1250 448 1294 479 de
1320 450 1453 484 Aseha.

467 477 664 513 Dietricus
681 494 769 516 eom.
788 486 832 518 de
849 488 1149 536 Mei-ehistaiii2).
1181 497 1382 539 Elyzabet
1399 511 1511 537 com³.
1552 508 1814 555 Chunrafflus)

515 530 623 563 filius
648 535 739 567 eius.
791 538 967 573 Ah·an1us
999 544 1217 581 advocatus.
1264 551 1466 586 Henricus
1489 557 1633 601 Rippo‚
1666 563 1814 597 Chune-

515 584 667 623 gundis
705 591 745 618 et
777 588 999 625 Thietricus
1029 595 1135 629 filius
1166 602 1247 632 eius
1281 603 1325 634 de
1357 605 1596 651 Neunburga
1628 613 1814 648 dederunt

514 635 532 663 2
565 636 708 677 vineas,
747 640 936 675 videlieet
976 645 1245 691 Hengstperch
1282 659 1319 686 et
1358 656 1725 703 Leupolezgraben.
1767 669 1812 701 de

513 686 647 726 quibus
671 691 862 724 serviatur
885 701 1102 732 conventui.

461 739 494 766 D.
512 741 651 769 Iohannes
669 754 723 772 sac.
740 746 773 774 (16
790 747 967 786 Newnburga
984 753 1107 789 Forensi,
1125 758 1218 793 largus
1235 760 1399 791 benefactor
1420 775 1445 793 n.
1465 770 1494 794 et
1510 769 1557 796 cfr.
1603 766 1808 804 Ernestus.

511 787 742 824 Chuni-adue.

458 838 644 872 Alheidis.
671 843 878 879 Christina.
906 850 1095 885 Arnoldus
1111 856 1238 890 Piber.
1265 860 1391 902 Gysla.
1418 865 1552 899 Ofmia.
1578 869 1806 907 Fridericus.

507 889 740 926 chunradus.
790 899 979 933 Alheidis.
1032 905 1198 949 Brigida.
1253 912 1475 948 Chuni-adas
1508 919 1553 951 de
1585 921 1626 952 S⁰
1649 922 1804 958 Georio

506 941 614 974 dedit
638 947 779 979 curiam
802 950 839 981 in
858 951 1064 996 Gozingen.
1105 958 1169 991 Ob.
1195 962 1255 1002 pie
1279 968 1461 999 memorie
1485 969 1705 1006 Fridericus
1729 977 1803 1009 dux

503 993 712 1038 Austrie1).
738 1001 801 1041 qui
825 1002 932 1035 dedit
949 1005 988 1036 Se
1004 1007 1121 1041 Mai-ie
1138 1015 1377 1052 parrochiam
1398 1019 1433 1049 in
1451 1019 1802 1060 Greimhartsteten

503 1048 541 1075 et
564 1047 708 1089 villam,
733 1061 804 1092 que
828 1053 1226 1103 dieiturEkkendorfi
1252 1070 1474 1103 etsanctam
1492 1084 1639 1107 crucem
1665 1082 1701 1109 et
1724 1080 1801 1112 alia

499 1097 618 1128 multa
642 1099 738 1132 bona
762 1103 853 1136 feeit
877 1106 962 1139 huie
988 1111 1108 1144 ecclia
1157 1115 1271 1148 Cuius
1295 1130 1322 1151 a.
1341 1132 1364 1151 r.
1383 1122 1401 1152 i.
1419 1133 1447 1164 p.
1473 1125 1602 1158 Amen.
1650 1129 1705 1160 De
1727 1142 1799 1172 quo

453 1195 610 1230 Ulrieus
635 1196 772 1235 Oohsel
797 1208 890 1239 civis
915 1210 960 1241 de
982 1212 1123 1246 Libera
1140 1217 1320 1261 Civitate,
1346 1222 1480 1265 largus
1505 1227 1733 1263 benefactor
1756 1245 1796 1275 n„

498 1248 542 1280 de
581 1262 653 1292 quo
690 1258 888 1290 serviatur
923 1268 1124 1297 conventui
1161 1271 1330 1303 secunda
1366 1273 1472 1307 feria
1509 1283 1600 1318 post
1634 1281 1794 1317 Letare.

497 1300 749 1338 Chunradus.
796 1310 998 1345 Alheidis.
1053 1317 1234 1360 Brigida.
1290 1322 1528 1360 Gerdrudis.
1575 1331 1792 1368 Arnoldus.

495 1350 709 1388 Enbertus.
755 1359 979 1396 Hadlauch.

446 1401 567 1436 Selint
591 1407 635 1438 de
660 1409 839 1443 Goldarn.
886 1415 1028 1448 Alhaid
1054 1419 1136 1452 filia
1160 1423 1250 1454 eiua

440 1453 634 1490 Iohannes
665 1471 704 1491 m.
731 1467 769 1494 et
794 1464 886 1496 diac.
919 1467 963 1499 de
996 1469 1144 1504 Corona
1174 1473 1322 1508 Sancta.
1376 1479 1564 1514 Ditwinus
1594 1496 1643 1517 ev.
1700 1487 1788 1520 Ger-

491 1507 640 1542 drudis.
692 1512 941 1549 Hermannus.
990 1520 1224 1557 Chunradus.
1271 1528 1491 1564 Benedicta.
1540 1535 1787 1572 Ohunradus.

488 1558 638 1593 Martha
661 1563 1004 1609 Pesehingerinna.

437 1608 496 1640 Ob.
516 1611 552 1642 fr.
571 1612 793 1654 Sigismundus
818 1630 908 1651 rasor
932 1622 970 1654 de
994 1623 1158 1668 Everding
1182 1639 1222 1659 ni.
1245 1634 1277 1661 et
1300 1642 1363 1663 sae.
1392 1634 1511 1675 <14>81.
1551 1637 1688 1671 Petrus
1711 1653 1783 1674 sac.

486 1662 550 1694 Ob.
571 1664 773 1700 Ludwieus
796 1671 902 1703 filius
922 1673 1085 1707 DieomiE
1102 1678 1285 1713 Iohannis
1302 1683 1346 1715 de
1365 1684 1635 1721 Schaunberch
1653 1703 1783 1724 secun-

486 1713 553 1745 dus
582 1719 683 1749 1453.
729 1720 768 1751 D.
788 1721 876 1753 Otto
902 1724 946 1756 de
971 1727 1162 1761 Lonstorf.
1203 1732 1428 1767 Chunradus
1453 1738 1625 1772 Fuerter.
1665 1743 1782 1776 Mein-

485 1764 626 1798 hardus
655 1770 773 1802 miles.
829 1773 1019 1809 Henrious
1048 1779 1092 1812 de
1121 1781 1251 1815 Tobel.
1304 1786 1508 1821 Christina.
1562 1791 1781 1827 Dietmarus

485 1815 528 1847 de
548 1818 813 1859 Aystershaim
838 1828 979 1859 amicus
1004 1841 1043 1864 n..
1068 1831 1113 1862 de
1138 1844 1208 1874 quo
1234 1838 1424 1870 serviatur
1448 1846 1660 1876 conventui.
1707 1852 1777 1878 Mar-

480 1868 599 1899 garetha.
617 1869 888 1906 Schallenbergerin.

430 1908 629 1953 Hedwigis
659 1914 702 1946 de
728 1916 1011 1954 Wessenberch
1037 1924 1233 1959 fundatrix
1265 1931 1375 1962 ecelie
1404 1939 1449 1964 11⁶.
1502 1935 1699 1970 Periehta
1730 1940 1776 1972 de

481 1960 763 1998 Sohaunberoh.

861 2076 1029 2115 IULIUS.

427 2138 664 2175 Chuni-adue.
711 2147 896 2181 Alheidis.
936 2153 1117 2186 Alheidis
1140 2157 1503 2195 Mezzenbechinna.
1545 2166 1771 2203 Chunradus

475 2192 520 2223 de
543 2193 636 2236 Hag.
682 2197 835 2231 Uli-icus
860 2202 967 2234 filius
991 2206 1080 2237 eius.
1127 2208 1224 2242 Item
1251 2211 1400 2245 Uli-icus
1425 2226 1541 2248 socer
1564 2220 1659 2251 eius.
1706 2222 1768 2254 Di-

474 2245 620 2277 muedis
644 2259 772 2281 socrus
796 2253 885 2284 eius.
933 2255 1033 2288 Otto.
1083 2258 1296 2294 Ottakarus
1319 2263 1490 2298 Fuerter.

420 2292 693 2331 Perichtoldus
717 2312 786 2334 sao.
825 2303 1055 2349 Hartungus.
1094 2310 1317 2345 Pernoldus.
1357 2315 1543 2358 Elyzabet
1566 2331 1621 2353 ux.
1647 2322 1766 2356 Erieii

471 2345 514 2377 de
539 2347 714 2382 Patavia.

348 2396 371 2423 3,
417 2394 457 2426 D.
476 2397 748 2435 &Vernhardus
773 2406 858 2439 abb.
883 2409 929 2440 de
953 2410 1109 2454 Runa.2)
1154 2415 1212 2447 Fr.
1230 2417 1445 2451 Hainricus
1469 2422 1516 2453 de
1541 2423 1762 2465 Sprinczen-

468 2451 578 2481 stain
602 2453 844 2489 submersus.
890 2459 1016 2502 Hugo.
1062 2464 1190 2497 Ieuta.
1237 2468 1476 2513 Gerwirgis.
1524 2474 1760 2510 WValohunus.

469 2499 568 2532 Otto.
605 2503 836 2540 Ohunradus.
870 2509 1148 2554 Ohunegundis„
1187 2518 1449 2560 Sigismundus
1466 2523 1641 2566 Stainpeek
1657 2529 1758 2570 miles,

464 2552 695 2591 prebendarius
719 2561 752 2588 et
775 2560 829 2591 cfr.
854 2572 894 2596 n„
924 2565 1012 2594 1475.

207 2639 231 2670 ²)
252 2640 296 2665 Sic
314 2647 350 2666 est
369 2643 515 2676 leyendum:
535 2649 712 2683 Grillnberyer
731 2654 747 2677 l.
761 2663 781 2679 c.
796 2664 824 2686 p.
839 2659 893 2681 104.

209 2689 228 2719 ¹)
248 2689 285 2716 H.
298 2699 325 2717 n.
339 2692 386 2725 IL,
406 2694 444 2720 ob.
459 2705 483 2722 a.
499 2700 571 2725 1246.
679 2703 699 2735 ²)
721 2703 765 2730 Ob.
786 2714 810 2732 a.
833 2707 884 2733 inc.
903 2716 969 2735 saec.
987 2710 1071 2737 XIII.

204 2739 230 2764 N
232 2748 290 2768 nen.
302 2743 470 2773 ALDERSBAC.
484 2754 531 2775 ete.
1512 2773 1545 2797 58
