2054 2948
281 96 343 129 325

291 178 392 205 XVIII.
406 177 463 204 kal.

304 441 392 467 XVII.
406 441 461 467 kal.

320 705 392 731 XVI.
406 705 463 731 kal.

333 1012 392 1039 XV.
406 1012 462 1038 kal.

326 1363 399 1389 XIV.
413 1363 468 1390 kal.

324 1714 400 1739 XIII.
413 1713 468 1739 kal.

339 1977 399 2003 XII.
413 1978 468 2003 kal.

355 2198 399 2224 XI.
413 2199 468 2225 kal.
514 2204 528 2225 2

371 2376 402 2402 X.
417 2377 472 2404 kal.
517 2378 558 2404 ⁶23.

509 177 548 203 15.

507 440 547 466 16.

509 703 550 730 17.

510 1012 549 1038 18.

514 1363 553 1389 19.

513 1713 554 1739 ⁴20.

514 1979 555 2004 21.

898 87 1080 115 DIOECESIS
1098 85 1320 114 LENTIENSIS.

595 176 644 203 Ob.
658 175 775 202 Ioannes
793 174 854 208 pbr.
867 174 900 200 de
921 173 1068 200 Gottwico.
1104 171 1276 206 Stephanus,
1296 170 1433 201 Thomas,
1453 169 1618 203 Leopoldus,
1638 169 1781 204 Georgius,
1799 169 1935 203 Hierony-

643 227 704 244 mus
722 218 784 251 pbri
803 217 835 243 de
854 217 975 243 Mansee.
1011 215 1148 241 Martinus
1167 214 1242 248 prior
1261 214 1294 239 de
1314 213 1419 239 Altaoh
1438 211 1589 246 Superiori.
1625 211 1657 238 D.
1671 212 1789 239 Ioannes
1809 212 1934 239 Christo-

644 261 745 294 phorus
765 260 794 285 in
813 259 906 285 Mettn
924 258 1013 291 abb.¹)
1050 257 1200 283 Balthasar
1218 256 1278 289 pbr.
1292 254 1405 281 ibidem.
1441 254 1576 289 Aegidius
1594 255 1656 288 pbr.
1669 254 1698 281 in
1717 255 1846 282 Admont.
1882 255 1935 282 Da-

641 302 762 334 mianus,
790 301 1031 330 Barbholomaeus,
1050 300 1178 330 Ioannes,
1204 297 1342 324 Martinus
1362 299 1391 324 et
1409 297 1513 324 Paulus
1539 297 1580 324 cvi
1599 298 1618 324 li
1641 297 1671 324 in
1691 297 1934 332 Closterneuburg.

642 345 789 371 Udalricus
815 344 876 377 pbr.
893 343 922 369 in
942 342 1060 375 Polling.
1097 341 1253 368 Bernartius
1277 340 1337 374 pbr.
1356 340 1384 366 in
1409 340 1616 374 Reichersperg.
1653 340 1744 366 Maria
1762 340 1936 367 Willitrudis

643 387 750 414 sinonlis
768 386 796 412 in
816 385 1032 412 Hochenwarth.

594 439 644 466 Ob.
661 439 776 465 Ioannes
795 446 835 463 ον.
854 437 888 462 (18
908 436 985 462 Cella
1004 435 1116 461 Mariae.
1153 435 1183 460 D.
1197 434 1376 461 Leonhardus
1395 434 1491 466 abb.²)‚
1512 434 1648 467 Andreas,
1668 434 1785 466 Paulus,
1804 435 1936 468 Michael,

648 481 843 514 Wolfgangus,
874 478 1070 509 Sebastianus,
1099 478 1216 504 Ioannes
1244 477 1304 511 pbri
1328 477 1362 503 de
1391 477 1553 504 Ratisbona.
1602 477 1770 504 Benedictus
1796 477 1873 511 prior
1902 477 1936 503 de

643 524 763 550 Mansee.
802 522 998 555 Cristophorus
1018 521 1094 554 prior
1112 521 1145 546 (18
1165 520 1269 546 Altach
1288 519 1437 554 Superiori.
1469 520 1655 555 Wolfgangus
1674 522 1702 547 et
1721 520 1856 554 Georgius
1875 520 1937 554 pbri

643 567 676 593 de
691 566 900 599 Reichersperg.
931 564 1080 590 Gualterus
1100 572 1141 589 ev,
1156 564 1189 589 de
1208 562 1370 597 Salzburga.
1401 563 1569 590 Benedictus
1588 563 1654 589 olim
1673 563 1749 597 prior
1767 563 1796 589 in
1815 563 1936 589 Seitten-

643 611 743 636 steten.
780 607 870 634 Maria
888 606 1053 633 Elisabetha
1072 605 1101 632 in
1121 606 1257 632 Kiebach.
1294 606 1416 633 Michael
1435 606 1495 640 pbr.
1509 606 1539 632 in
1558 606 1723 632 Formbach.
1759 605 1791 633 D.
1805 605 1937 632 Claudius

643 660 720 685 ppos.
734 651 762 677 in
782 650 939 683 Pollingen.
976 648 1111 682 Iosephus
1130 648 1190 682 pbr.
1205 648 1408 682 priflingensis.
1445 649 1539 675 Bruno
1558 649 1618 682 pbr.
1632 648 1660 675 in
1681 649 1754 675 Ober
1772 649 1884 676 Altach.

599 703 649 729 Ob.
663 703 694 728 D.
709 701 844 735 Georgius
864 701 927 726 abb.
940 700 969 726 in
989 700 1177 733 Tegernsee.³)
1214 700 1246 726 D.
1261 699 1398 733 Caspai-us
1417 699 1541 726 eiusdem
1559 700 1641 726 mon'li
1661 699 1748 734 abb.⁴)
1779 699 1938 733 Stephanus

644 746 703 779 pbr.
724 745 756 771 de
776 744 926 771 Gottwico.
972 743 1107 776 Georgius
1127 742 1198 768 diac.
1219 743 1252 769 de
1272 742 1490 769 Cremsminster.
1528 742 1655 769 Clemens
1674 743 1735 777 pbr.
1749 743 1783 769 de
1801 743 1938 777 Augusta.

643 787 809 814 Laurentius
828 787 890 820 pbr.
903 786 932 812 in
952 786 1116 820 Tegernsee.
1154 785 1185 811 D.
1197 786 1312 812 Iodocus
1331 785 1395 812 abb.
1407 785 1436 810 in
1455 785 1602 818 Mansee.⁵)
1634 785 1814 812 Godehardus
1832 785 1893 819 pbr.
1904 785 1938 812 de

643 830 745 857 Altaeh
774 829 908 855 Inferiori.
961 828 1089 854 Urbanus
1116 837 1157 855 cv.
1178 828 1206 854 in
1228 829 1325 855 Mettn.
1375 828 1560 862 Wolfgangus
1583 828 1644 862 pbr.
1662 828 1695 854 de
1720 828 1937 855 Cremsminster.

644 873 777 906 Aegidius
802 873 870 906 prof.
892 872 925 898 de
948 872 1078 898 Admont.
1124 871 1259 906 Aegidius
1282 870 1358 905 prior
1382 870 1410 897 in
1434 871 1597 905 Tegemsee.
1637 870 1803 898 Franciseus
1825 871 1885 905 pbr.
1909 870 1938 897 in

643 916 794 942 Chiemsee.
835 914 973 941 Martinus
992 915 1052 948 pbr.
1066 915 1094 940 in
1115 915 1194 941 Seon.
1237 914 1384 941 Menradus
1402 914 1462 948 pbr.
1476 913 1654 941 Mellicensis.
1698 914 1859 941 Franciscus
1877 914 1938 948 pbr.

644 968 669 985 n.
684 968 706 985 e.
743 958 889 984 Anselmus
908 958 968 991 pbr.
983 957 1019 983 ad
1038 957 1134 984 Scotos
1153 957 1288 984 Viennae.

596 1010 644 1037 Ob.
659 1009 825 1036 Laurentius
844 1009 904 1043 pbr.
919 1009 952 1035 de
972 1009 1133 1043 Salzburga.
1166 1009 1289 1035 Andreas
1308 1009 1369 1042 pbr.
1384 1009 1417 1034 de
1436 1008 1556 1035 Mansee.
1589 1009 1707 1035 Ioannes
1726 1009 1859 1043 Baptista
1878 1009 1939 1043 pbr.

644 1053 677 1079 de
697 1053 800 1079 Altach
819 1052 953 1079 Inferiori.
992 1052 1128 1079 Melchior
1147 1052 1180 1079 de
1201 1052 1365 1078 Forrubach.
1402 1052 1434 1078 D.
1447 1051 1617 1079 Benedictus
1636 1051 1740 1084 abb.⁶),
1759 1052 1939 1086 Berengerus,

644 1095 806 1123 Balthasar.
830 1095 942 1126 Petrus,
967 1096 1084 1121 Ioannes
1103 1095 1164 1129 pbri
1185 1095 1299 1122 ibidem.
1335 1095 1492 1129 Leopoldus
1511 1095 1573 1129 pbr.
1592 1095 1626 1122 de
1644 1094 1766 1121 Mellico.
1803 1095 1940 1129 Georgius

644 1139 703 1173 pbr.
724 1138 751 1164 in
773 1138 1016 1165 Raittenhaslach.
1061 1138 1092 1164 D.
1110 1138 1233 1164 Michael
1257 1138 1321 1164 abb.
1341 1137 1556 1170 Glunicensis⁷),
1580 1138 1650 1172 prof.
1669 1137 1697 1163 in
1721 1137 1809 1164 Nider
1828 1137 1939 1164 Altach.

644 1181 822 1208 Innocentius
844 1190 885 1207 CV.
905 1181 938 1207 de
958 1181 1061 1208 Altach
1085 1181 1234 1215 Superiori.
1276 1181 1420 1215 Religiosa
1440 1180 1518 1215 virgo
1538 1181 1662 1207 Barbara
1680 1181 1843 1207 Erentrudis
1863 1181 1941 1215 prosa

645 1224 673 1250 in
687 1224 823 1258 Kiepach.
854 1224 922 1250 Afra
941 1224 1059 1258 Pelagia.
1078 1233 1129 1251 sor.
1143 1224 1175 1255 1²²,
1196 1224 1272 1258 prosa
1290 1224 1319 1250 in
1339 1224 1498 1258 Niderburg
1517 1224 1650 1258 Passavij.
1680 1224 1861 1251 Weneeslaus
1878 1224 1939 1258 pbr.

644 1266 847 1293 Larnbacensis.
879 1267 1047 1293 Bertholdus
1059 1267 1120 1301 pbr.
1131 1276 1156 1293 n.
1168 1275 1190 1293 c.
1217 1266 1364 1293 Udalricus
1378 1267 1438 1300 pbr.
1452 1266 1479 1292 in
1492 1266 1735 1301 Closternefiburg.
1761 1267 1940 1300 Raymundus

645 1319 686 1336 CV.
700 1310 735 1336 ad
754 1309 851 1336 Scotos
871 1309 1002 1336 Viennae.

599 1361 648 1388 Ob.
668 1361 710 1387 Fr.
725 1361 862 1394 Casparus
882 1361 915 1388 de
934 1361 1144 1388 Seittensteteu.
1181 1362 1297 1388 Ioannes
1316 1361 1375 1395 pbr.
1394 1361 1427 1387 de
1446 1360 1525 1387 Seon.
1557 1361 1753 1395 Chrysogonus
1772 1359 1889 1387 clericus
1912 1360 1941 1386 in

646 1405 809 1438 Tegernsee.
841 1404 989 1438 Gregorius
1003 1404 1063 1438 pbr.
1078 1405 1111 1430 de
1131 1404 1277 1431 Gottwieo.
1311 1404 1480 1437 Paugratius
1500 1404 1560 1438 pbr.
1574 1404 1607 1430 de
1621 1403 1769 1430 Lambaco.
1799 1403 1940 1438 Agapitus

645 1449 672 1473 et
692 1447 876 1480 Hieronymus
896 1447 957 1481 pbri
976 1447 1009 1474 de
1029 1447 1245 1474 Cremsminster.
1278 1447 1460 1474 Sebastianus
1479 1447 1556 1481 prior
1575 1447 1607 1473 de
1621 1447 1741 1474 Mansee.
1778 1447 1940 1474 Matthaeus

646 1490 722 1524 prior
744 1489 772 1515 in
793 1490 957 1516 Formbach.
1001 1490 1115 1516 Carolus
1139 1491 1199 1524 pbr.
1218 1490 1245 1516 in
1270 1491 1346 1517 Rott.
1387 1491 1425 1516 Da
1445 1490 1586 1517 christina
1609 1490 1681 1517 abba
1704 1490 1733 1516 in
1761 1490 1941 1524 Nidernburg

645 1533 780 1565 Passavij.
813 1533 940 1559 Urbanus
955 1542 995 1560 ev,
1010 1533 1038 1559 in
1060 1532 1301 1559 Raittenhaslaeh.
1333 1533 1458 1560 Susanna
1472 1533 1605 1560 Theresia
1625 1533 1700 1567 profu
1720 1533 1748 1559 in
1762 1533 1941 1568 Nidernburg

645 1576 778 1609 Passavij.
814 1576 905 1602 David
925 1576 942 1602 1.
959 1576 988 1602 in
1008 1575 1252 1610 Closterneuburg.
1285 1576 1472 1610 wolfgangus
1490 1576 1550 1610 pbr.
1570 1577 1603 1603 de
1623 1578 1758 1609 Augusta.
1796 1575 1941 1602 Anselmus

646 1620 706 1652 pbr.
726 1619 760 1645 ad
781 1619 837 1645 Sum
855 1619 1007 1646 Martinum
1031 1619 1058 1644 in
1079 1619 1211 1652 Ungaria.
1248 1619 1390 1646 Amandus
1413 1619 1473 1652 pbr.
1498 1619 1532 1645 ad
1556 1619 1612 1645 Sum
1626 1619 1830 1645 Emmeramum
1848 1618 1941 1645 Ratis-

646 1662 741 1688 bonae.

600 1713 650 1739 Ob.
664 1713 756 1739 Simon
781 1713 840 1747 pbr.
861 1714 894 1739 de
913 1713 1062 1740 Gottwico.
1095 1714 1253 1750 Leonardus
1273 1713 1332 1747 pbr.
1346 1713 1380 1739 de
1400 1713 1498 1740 Peurn.
1536 1713 1634 1740 Petrus
1653 1713 1714 1747 pbr.
1728 1713 1762 1740 de
1781 1713 1941 1748 Salzburga.

646 1756 830 1789 Hieronymus
854 1757 914 1790 pbr.
936 1757 969 1784 de
995 1756 1213 1783 Crenisminster.
1260 1756 1402 1783 Conradus
1430 1757 1490 1790 pbr.
1509 1757 1542 1782 de
1566 1756 1712 1782 Lambaco.
1755 1756 1942 1791 VVolfgangus

647 1799 706 1832 pbr.
725 1799 758 1826 de
779 1799 881 1826 Altach
906 1799 1042 1826 Inferiori.
1080 1800 1268 1834 XVolfgangus
1291 1800 1352 1833 pbr.
1373 1800 1406 1826 de
1426 1799 1590 1826 Ratisbona.
1627 1798 1802 1826 Guilhelmus
1821 1800 1893 1826 diac.
1913 1800 1942 1826 in

649 1842 812 1876 Tegernsee.
843 1842 992 1876 Gregorius
1006 1843 1066 1877 pbr.
1081 1843 1115 1869 de
1136 1843 1211 1869 Rott.
1243 1844 1274 1869 D.
1289 1843 1406 1869 Ioannes
1420 1842 1485 1869 abb.
1499 1842 1709 1875 Glunicensis'7),
1730 1842 1799 1876 prof.
1811 1842 1939 1869 Garsten-

648 1885 692 1910 sis
739 1885 955 1919 Christophorus
983 1886 1043 1919 pbr.
1066 1886 1100 1912 de
1132 1886 1210 1912 Cella
1238 1885 1352 1912 Mariae.
1399 1886 1583 1919 Woligangus
1614 1885 1674 1919 pbr.
1696 1885 1725 1911 in
1755 1885 1942 1912 Mallerstorff.

650 1927 788 1953 Romanus
810 1928 870 1961 pbr.
884 1928 997 1955 ibidem.
1035 1929 1077 1955 Fr.
1093 1929 1272 1961 Raymuudus
1292 1937 1332 1955 ον.
1349 1928 1385 1954 ad
1404 1928 1501 1955 Scotos
1522 1928 1653 1955 Viennae.

602 1978 652 2004 Ob.
665 1979 696 2004 D.
711 1979 862 2012 Gospertus
882 1980 946 2006 abb.
961 1980 988 2005 in
1003 1980 1171 2014 Tegersee.⁸)
1206 1979 1358 2009 Antonius,
1382 1980 1498 2006 Ioannes
1517 1979 1578 2013 pbri
1597 1979 1631 2006 de
1650 1979 1770 2006 Mellico.
1807 1979 1943 2006 Matthias

649 2022 708 2054 pbr.
724 2022 756 2048 de
777 2022 938 2056 Salzburga.
977 2023 1132 2049 Ludovicus
1152 2023 1212 2056 pbr.
1225 2032 1251 2049 n.
1263 2031 1284 2048 c.
1321 2023 1446 2049 Andreas
1465 2022 1524 2056 pbr.
1543 2022 1572 2048 in
1591 2022 1755 2056 Tegernsee.
1793 2022 1824 2048 D.
1846 2022 1943 2049 Hiero-

648 2074 746 2097 nymus
770 2065 833 2091 abb.
847 2066 880 2092 de
900 2066 1046 2096 Mansee.⁰)
1090 2067 1205 2093 Ioannes
1226 2066 1404 2092 Leonhardus
1423 2066 1483 2099 pbr.
1502 2066 1536 2092 de
1556 2065 1658 2092 Altach
1673 2065 1827 2099 Superiori.
1864 2066 1942 2092 Ioan-

649 2115 697 2132 nes
722 2108 782 2140 pbr.
805 2108 879 2141 apud
904 2108 960 2134 Sum
980 2109 1167 2136 Lambertum.
1216 2109 1347 2135 Placidus
1375 2109 1433 2142 pbr.
1454 2118 1478 2135 n.
1498 2118 1520 2135 c.
1569 2108 1658 2134 Maria
1682 2108 1772 2134 Gisila
1795 2117 1845 2135 sor.
1865 2109 1889 2134 1³³
1914 2108 1943 2134 in

649 2149 829 2185 Nidernburg
848 2151 982 2185 Passavij.
1020 2152 1050 2177 D.
1065 2151 1194 2178 Valerius
1214 2161 1292 2185 ppos.
1307 2151 1335 2177 in
1356 2151 1475 2185 Polling.

601 2200 650 2226 Ob.
669 2201 789 2227 Thomas
815 2202 873 2235 pbr.
892 2203 924 2229 de
949 2203 1096 2229 Gottwieo.
1138 2203 1259 2229 Michael
1280 2204 1340 2237 pbr.
1360 2204 1393 2230 de
1413 2203 1491 2230 Cella
1510 2203 1623 2229 Mariae.
1660 2202 1847 2237 Wolfgangus
1867 2203 1944 2237 prior

649 2243 682 2269 de
702 2244 803 2269 Altach
817 2244 964 2278 Superiori.
997 2247 1170 2272 Gotthardus
1189 2247 1249 2280 pbr.
1263 2246 1296 2272 de
1316 2246 1480 2280 Tegernsee.
1510 2246 1632 2271 Andreas
1645 2245 1773 2279 subprior
1791 2245 1824 2272 de
1844 2245 1942 2272 Peurn.

652 2286 834 2319 Hieronymus
848 2288 907 2321 pbr.
919 2297 945 2314 n.
960 2298 981 2314 c.
1013 2289 1055 2316 Fr.
1064 2289 1205 2316 Romanus
1219 2290 1252 2316 de
1267 2290 1387 2316 Mansee.
1418 2289 1449 2315 D.
1458 2289 1624 2315 Valentinus
1637 2289 1701 2315 abb.
1716 2288 1891 2315 Gluniceneis
1902 2289 1942 2321 ¹⁰),

649 2330 880 2362 1›1·0f.Scotensis.
918 2331 1074 2358 Bernardus
1093 2333 1110 2358 1.
1125 2333 1158 2359 (18
1178 2332 1326 2359 Gottwico.
1364 2332 1512 2366 Gregorius
1531 2331 1590 2365 pbr.
1606 2331 1844 2358 Wessofontanus.

604 2379 653 2405 Ob.
669 2380 862 2414 cristophorus
881 2383 941 2416 pbr.
956 2383 983 2408 in
1005 2383 1169 2417 Tegernsee.
1201 2384 1336 2410 Henricus
1354 2384 1390 2410 ad
1409 2383 1465 2409 Sum
1478 2384 1665 2410 Lamberturn.
1701 2383 1780 2409 Felix
1799 2383 1833 2409 de
1853 2382 1944 2408 Form-

652 2422 731 2448 bacb.
770 2424 884 2450 Ioannes
908 2425 968 2458 pbr.
989 2428 1019 2452 et
1042 2426 1117 2459 prior
1141 2427 1173 2452 de
1195 2427 1438 2453 Raittenhaslach.
1476 2426 1632 2453 Pantaleon
1651 2425 1712 2459 pbr.
1730 2425 1842 2451 ibidem.
1878 2425 1944 2451 Ber-

650 2465 751 2491 nardus
776 2466 836 2499 pbr.
854 2469 882 2493 et
906 2468 980 2500 prior
1003 2468 1187 2495 Glunicensis.
1236 2469 1350 2495 Maurus
1375 2469 1450 2503 prior
1474 2471 1501 2495 et
1520 2469 1589 2503 prof.
1608 2469 1643 2495 ad
1670 2468 1943 2494 SumEmmeramum

652 2506 830 2535 Hatisbonae.

399 2611 418 2642 Σ)
439 2610 579 2643 Christoph
600 2612 771 2646 Guetknecht,
790 2614 827 2641 ob.
843 2624 866 2641 a.
880 2620 946 2642 1645.
1072 2619 1091 2649 ²)
1110 2618 1154 2643 Ad
1173 2626 1247 2651 quem
1265 2618 1394 2650 pertinet?
1517 2619 1537 2651 ³)
1562 2618 1606 2644 Ob.
1622 2627 1647 2644 α.
1658 2620 1728 2644 1423.
1854 2618 1873 2649 ⁴)
1898 2616 1943 2642 Ob-

527 2656 547 2687 ⁵)
572 2654 616 2680 Ob.
631 2665 655 2680 a.
670 2660 734 2681 1571.
861 2659 881 2690 ⁶)
903 2658 1116 2692 Formbscccnsis,
1135 2661 1174 2687 ob.
1188 2664 1299 2687 a.1645.
1433 2663 1453 2694 ⁷)
1479 2661 1573 2687 Utrum
1586 2661 1610 2687 I.
1624 2669 1661 2686 αη
1682 2660 1732 2692 IL,
1752 2660 1877 2685 incertum
1897 2661 1942 2684 est.

295 2660 319 2677 a.
332 2655 399 2677 1461.

297 2694 316 2725 ⁸)
341 2694 384 2720 Ob.
399 2698 504 2721 a.1001.

612 2698 631 2727 ⁹)
655 2697 698 2723 Ob,
713 2703 817 2725 cz.1.392.
926 2702 957 2733 ¹⁰)
979 2701 1023 2728 Oh.
1038 2711 1061 2728 cz.
1078 2706 1149 2736 1653,
1170 2703 1224 2729 dies
1245 2705 1316 2730 varie
1336 2703 1460 2730 traditur.
