2054 2948
263 279 325 298 non.
379 272 403 298 5.

169 440 243 483 VIII.
257 441 293 468 id.
380 443 403 470 6.

184 569 243 595 VII.
258 569 293 596 id.
378 571 401 597 7.

194 740 240 767 VI.
255 741 292 767 id.
375 743 400 768 8.

207 997 238 1023 I.
253 997 289 1024 id.
373 999 389 1023 ‘3

187 1259 235 1286 IV.
251 1259 287 1286 id.
356 1261 395 1289 10.

184 1434 234 1461 III.
248 1435 285 1461 id.
353 1437 393 1463 11.

199 1610 231 1636 II.
247 1610 283 1636 id.
352 1612 391 1638 12.

249 1829 286 1856 id.
352 1830 393 1856 13.

163 2046 234 2072 XIX.
250 2047 304 2073 kal.
354 2048 392 2074 14.

133 2136 233 2163 XVIII.
247 2137 302 2164 kal.
352 2138 391 2165 15.

720 102 984 131 NECROLOGIUM
1003 106 1218 134 ASBACENSE.
1734 118 1792 147 103

500 195 608 221 gangus
628 187 769 214 Christian
789 188 817 214 in
833 188 1060 217 Cremsmiiuster.
1097 192 1262 219 Guilielmus
1276 193 1401 225 Schwan‚
1422 195 1566 223 Anselmus
1579 197 1713 233 Schlager
1732 200 1793 233 pbri

502 231 530 256 et
550 230 585 255 mi
605 229 633 255 in
653 230 737 256 Melk.
774 231 804 257 P.
818 232 942 258 Andreas
962 233 1086 268 Krueger
1105 234 1134 260 iu
1153 234 1281 269 GlefinkJ

448 271 566 298 sifridus
585 281 610 298 n.
625 281 647 298 c.
661 281 702 299 cv.
740 273 879 300 Conradus
893 274 1061 302 'soblhamer
1080 276 1098 303 l.
1135 277 1176 310 [Ρ.
1190 277 1288 304 Petrus
1306 279 1334 305 in
1347 279 1550 314 Steiirgarsteu.
1586 283 1615 310 P.
1629 284 1792 312 Franciscus

500 316 527 341 et
550 315 579 340 P.
598 315 710 341 Maurus
730 315 911 350 Winklinger
935 317 963 343 in
987 318 1194 346 Obemaltaich.
1237 320 1267 347 P.
1286 321 1420 356 Georgius
1444 323 1654 352 administrator
1677 327 1711 352 ad
1735 328 1792 354 Sum

498 357 603 383 Vitum.
644 358 746 384 Paulus
766 359 951 393 Schardinger
970 361 1030 394 pbr.
1048 364 1076 388 et
1096 370 1155 388 can.
1171 363 1199 389 in
1218 363 1318 390 Suben.
1356 365 1386 391 P.
1400 365 1521 392 Miehael
1541 367 1632 401 Moyss
1651 368 1679 394 in
1698 369 1792 397 Monte

498 401 519 426 si
538 401 658 435 Georgii.
695 402 724 428 F.
739 402 903 430 Franciscus
922 404 1082 438 Griesmayr
1100 406 1134 431 ad
1152 406 1209 432 Sum
1229 407 1434 442 Hippolytum]

449 443 673 477 Engelschalcus,
690 445 869 472 Willibertus
888 447 931 472 mi.
969 447 1095 480 [Ioannes
1109 448 1230 475 Kastner
1248 450 1307 483 pbr.
1323 452 1351 477 et
1370 460 1405 477 m.
1442 452 1558 478 Ioannes
1572 453 1699 481 Urbanus
1712 455 1790 482 Gais-

499 487 561 517 b'ok‚
582 487 722 513 Conradus
736 487 836 519 Haber,
856 489 1007 515 Henericus
1022 490 1141 522 Sausser,
1160 492 1276 519 Ioannes
1290 493 1380 520 Weiss
1400 493 1460 527 pbri
1480 496 1508 521 et
1527 496 1587 522 cani
1605 496 1633 522 in
1648 497 1790 524 Reiehers-

497 537 573 562 perg.
610 529 641 556 D.
657 530 774 557 Ioannes
793 531 897 563 Keilla)
917 532 1097 559 beneficiatus
1116 534 1144 559 in
1165 534 1302 566 Kostlam,
1322 535 1482 564 benefactor
1501 538 1536 571 n.]

447 571 571 601 Ioannes
591 572 774 604 Christianus,
795 574 861 600 Otto
875 574 935 608 pbri
949 577 978 601 et
997 576 1040 602 mi.
1073 576 1140 603 Otto
1161 586 1201 604 cv.
1232 577 1367 612 Georgius
1386 579 1449 606 abb.
1463 580 1490 606 in
1505 580 1660 615 Scheyrn.¹)
1691 583 1730 615 [P.
1745 583 1790 609 Al-

499 614 592 641 bertus
612 615 726 642 ibidem.
764 617 792 643 P.
805 617 927 643 Marinus
946 618 974 644 in
990 619 1065 646 Rott.
1103 619 1238 654 Georgius
1252 621 1415 648 Mullthaler
1433 623 1508 656 prior
1526 623 1555 649 in
1568 624 1790 652 Niderualtaich.

496 657 525 684 P.
544 658 694 685 Balthasar
719 661 747 685 et
767 660 796 686 P.
815 659 957 687 Conradus
977 662 1101 689 Ortwein
1124 663 1159 689 ad
1179 663 1235 689 Sum
1255 664 1376 691 Petrum.
1413 665 1444 692 D.
1458 665 1552 693 Benno
1572 666 1642 693 Zech
1666 676 1742 701 ppos.
1762 669 1790 695 in

496 700 662 735 VVeyarnfiH

446 742 583 770 Matthias
606 744 666 777 pbr.
684 747 711 771 et
738 755 772 772 m.
791 746 818 771 in
839 746 964 773 Gai-sten.
1002 748 1226 782 [Christophorus
1246 750 1380 776 Althover
1398 751 1458 784 pbr.
1476 752 1505 777 et
1524 760 1583 778 can.
1600 752 1628 777 in
1647 752 1789 780 Reichers-

494 795 570 821 perg.
608 787 637 813 P.
651 788 787 814 Martinus
807 789 918 824 Hueger
944 790 979 816 ad
999 790 1055 816 Sum
1075 791 1218 818 Zenonem.
1256 792 1286 818 P.
1299 793 1415 819 Ioannes
1434 793 1462 819 in
1483 794 1598 821 Metten.
1636 795 1663 821 P.
1678 795 1789 822 Maurus

496 829 651 862 Beylacher
669 831 697 856 in
710 830 841 864 Scheyrn.
872 832 904 858 D.
917 831 1091 859 Christianus
1105 833 1314 861 Schmithauser
1331 844 1408 869 ppos
1422 835 1451 862 in
1464 836 1615 864 chiemsee.
1648 837 1789 865 Conradus

493 872 656 905 Gerureieh,
682 873 805 900 Marinus
826 875 1022 901 Beiseuhamer
1046 877 1106 909 pbri
1130 878 1159 903 et
1183 878 1218 903 mi
1243 877 1271 903 in
1290 877 1365 905 Rott.
1408 878 1543 905 Matthias
1566 879 1670 907 ibidem
1689 882 1788 909 novius.

492 916 572 942 Anna
597 916 750 943 Chatarina
775 917 949 944 Prasehlerin
974 919 1082 945 smonlis
1106 919 1135 946 in
1159 921 1310 948 Chiemsee.
1352 922 1381 948 P.
1400 921 1614 956 christophorus
1638 923 1736 951 Nibler
1759 925 1788 951 in

495 959 671 993 Alteuburg.]

374 1017 396 1025 ι.
442 1000 594 1027 Henericus
614 1002 676 1028 abb.
691 1002 719 1028 in
740 1003 882 1035 Monsee.³')
920 1004 959 1038 [P.
974 1005 1113 1031 Erhardus
1133 1006 1160 1032 in
1179 1006 1295 1033 Gleiink.
1334 1007 1474 1034 Conradus
1495 1009 1553 1042 pbr.
1590 1010 1706 1036 Ioannes
1725 1010 1786 1037 sub-

492 1044 563 1070 diac.
606 1045 636 1070 P.
651 1045 772 1072 Michael
800 1045 828 1072 in
847 1047 962 1073 Metten.
1000 1047 1136 1081 Virgilius
1162 1049 1225 1075 abb.
1245 1050 1280 1076 ad
1304 1050 1359 1076 Sum
1378 1051 1523 1084 Petrum.⁴)
1565 1052 1727 1079 Matthaeus
1753 1053 1786 1080 de

492 1087 629 1121 Prenziug
651 1097 677 1114 ιι.
697 1096 788 1122 congr.
809 1089 884 1122 prior
909 1092 937 1116 et
960 1090 1058 1116 senior.
1103 1091 1218 1118 Ioannes
1243 1093 1418 1119 Grienewald
1444 1094 1510 1120 olim
1534 1094 1598 1121 abb.
1618 1095 1646 1121 in
1670 1095 1786 1122 Nidern-

491 1130 631 1161 altaich.⁵)
669 1131 816 1157 Udalricus
840 1132 943 1159 ibidem
968 1133 1028 1166 pbr.
1048 1136 1076 1160 et
1095 1143 1130 1160 m.
1168 1135 1196 1161 P.
1211 1135 1326 1162 Ioannes
1345 1136 1447 1162 Echter
1470 1137 1498 1162 in
1518 1137 1680 1164 Novacella.
1716 1139 1786 1165 Mat-

491 1173 591 1198 thaeus
615 1173 753 1200 Burchart
778 1175 837 1207 pbr.
859 1177 887 1202 et
910 1184 970 1201 can.
992 1177 1028 1202 ad
1052 1176 1108 1202 Su·u
1133 1177 1327 1211 Hippolytum.
1369 1179 1398 1206 P.
1412 1179 1599 1213 Werigandus
1622 1180 1733 1207 Hueber
1758 1181 1786 1207 iu

492 1215 591 1241 Beurn.
630 1216 658 1241 P.
674 1217 810 1243 Antonius
830 1218 962 1251 Agricola
982 1218 1010 1244 in
1031 1219 1124 1252 Melk]

442 1261 599 1288 Leon-ardus
618 1272 644 1289 ιι.
660 1272 681 1289 c.
696 1263 755 1297 pbr.
771 1266 799 1290 et
818 1274 853 1290 m.
891 1265 1025 1299 Georgius
1045 1267 1108 1293 abb.
1124 1267 1152 1292 in
1172 1267 1270 1294 Beurn.
1308 1269 1459 1296 Heinoldus
1479 1280 1520 1297 cv.
1557 1271 1702 1299 Elisabeth
1722 1282 1748 1299 n.
1762 1281 1784 1299 c.

491 1310 545 1330 eva.
589 1305 702 1339 [Paulus
726 1306 820 1332 Doller
842 1315 920 1341 ppos
940 1308 967 1333 in
988 1309 1173 1342 Novaeella.ss)
1215 1310 1246 1335 D.
1264 1310 1420 1338 Fridericus
1439 1313 1553 1340 Carolus
1577 1324 1655 1348 ppos
1675 1315 1708 1341 ad
1728 1316 1785 1341 Sum

489 1347 670 1381 Nicolaumff)
714 1349 830 1375 Iacobus
858 1350 915 1377 dec.
938 1350 1049 1377 ibidem.
1097 1352 1211 1379 Ioannes
1237 1354 1368 1381 Albertus
1394 1355 1506 1387 Aieher,
1537 1357 1670 1384 Nicolaus
1696 1358 1783 1389 Hfflzl,

490 1390 625 1417 Patritius
646 1391 795 1418 Schmuzer
814 1393 874 1426 pbri
894 1396 922 1420 et
941 1394 1001 1419 caui
1022 1394 1049 1420 in
1069 1395 1198 1429 Polling.]

439 1436 629 1464 Wernhnrdus
649 1439 675 1464 ni
695 1440 775 1465 monii
794 1440 882 1467 abbe)
919 1441 1035 1468 Ioannes
1054 1442 1115 1475 pbr.
1130 1444 1158 1468 et
1178 1451 1236 1468 ean.
1251 1444 1286 1469 ad
1303 1444 1359 1470 Sum
1374 1445 1529 1472 Nicolaum.
1568 1446 1606 1480 [P.
1621 1447 1736 1473 Ioannes
1755 1447 1783 1473 in

490 1480 700 1507 Obernaltaich.
733 1482 836 1508 Paulus
850 1483 909 1516 pbr.
924 1485 952 1510 et
967 1493 1000 1509 m.
1032 1484 1247 1519 Christophorus
1261 1486 1324 1513 abb.
1336 1487 1363 1512 in
1379 1488 1520 1522 Monsee.⁹)
1550 1489 1578 1516 P.
1590 1489 1781 1523 sigismundus

487 1522 555 1549 Saar
572 1524 607 1549 ad
620 1523 677 1549 Sum
691 1524 832 1551 Zenonem.
866 1526 895 1551 P.
908 1526 1043 1553 Melchior
1056 1527 1160 1554 Kerber
1180 1528 1208 1554 in
1222 1529 1444 1556 Nidernaltaich.
1475 1532 1646 1566 Augustinus
1660 1533 1782 1559 Matthai

489 1566 549 1599 pbr.
563 1568 591 1592 et
611 1575 671 1593 can.
686 1568 1050 1603 elaustro-Neoburgensis,
1087 1570 1228 1597 Conradus
1249 1572 1370 1599 Kuehler
1389 1582 1429 1599 cv.
1444 1574 1471 1600 in
1489 1574 1630 1608 Scl1eyrn.]

439 1612 553 1639 Ioannes
573 1622 651 1647 ppos.
666 1613 695 1639 in
709 1615 846 1647 Suben.¹⁰)
884 1616 924 1650 [P.
939 1616 1080 1643 Com-adas
1099 1626 1124 1643 ιι.
1139 1626 1161 1644 c.
1199 1618 1228 1644 P.
1241 1619 1380 1653 Rupertus
1394 1621 1549 1648 Mamittler
1561 1622 1596 1647 ad
1610 1622 1665 1647 Sum
1676 1622 1781 1649 vitum.

488 1655 638 1690 Philippus
662 1657 722 1690 pbr.
741 1660 770 1684 et
790 1667 824 1684 m.
862 1658 1018 1685 Ludovicus
1042 1669 1067 1686 n.
1086 1669 1179 1694 congr.
1198 1670 1232 1686 m.
1270 1662 1368 1688 Petrus
1393 1663 1455 1689 abb.
1474 1663 1501 1689 in
1521 1664 1781 1697 Nidernaltaich.¹¹)

489 1698 626 1724 Martinus
646 1699 721 1733 prior
740 1700 767 1725 in
782 1701 945 1735 Ebersperg.
978 1702 1006 1728 P.
1018 1702 1178 1729 Eme-ramus
1194 1704 1286 1738 Krueg
1303 1705 1338 1731 ad
1352 1705 1407 1730 Sum
1420 1706 1602 1733 Emeramum.
1633 1707 1781 1740 Dionysius

488 1743 514 1766 et
530 1741 648 1768 Michael
671 1743 730 1775 pbri
751 1743 778 1768 iu
793 1743 974 1771 Osterhoven.
1007 1745 1143 1772 Matthias
1162 1746 1265 1772 ibidem
1284 1748 1381 1773 novius.
1413 1749 1441 1774 P.
1454 1749 1591 1776 Romanus
1606 1749 1782 1777 Camerloher

488 1783 516 1809 in
539 1784 702 1818 Pruvening.
742 1785 899 1811 Leonardus
918 1786 1058 1812 Rarmond
1079 1787 1138 1820 pbr.
1152 1789 1180 1813 et
1200 1797 1258 1814 can.
1274 1788 1647 1825 Claustro-Neoburgensis.]

439 1830 536 1864 Poppo
555 1840 580 1856 n.
595 1840 617 1857 c.
632 1840 672 1857 cv,
710 1832 845 1866 Georgius
864 1833 922 1866 pbr.
938 1835 966 1860 et
985 1843 1019 1859 m.
1058 1834 1191 1868 Aegidius
1208 1835 1266 1861 dec.
1280 1836 1308 1862 iu
1322 1836 1472 1864 Chiemsee.
1509 1838 1550 1871 [P.
1564 1838 1733 1865 Benedictus
1752 1839 1780 1865 in

488 1873 708 1900 Nidernaltaich.
754 1875 781 1901 P.
797 1876 914 1902 Ioannes
937 1876 963 1902 in
989 1877 1194 1903 Reicheubach.
1236 1878 1263 1904 Ρ.
1279 1879 1412 1914 Georgius
1430 1880 1604 1907 Schweikart
1627 1882 1655 1907 in
1675 1882 1778 1908 Obern-

487 1915 603 1942 altaich.
635 1917 772 1944 Matthias
787 1918 857 1949 Doll,
878 1919 1026 1945 Udalricus
1040 1920 1109 1949 Ertl.
1129 1921 1259 1947 Placidus
1272 1922 1394 1956 Wagner
1412 1923 1472 1956 pbri
1486 1926 1514 1950 et
1527 1924 1561 1949 mi
1575 1924 1601 1949 in
1615 1923 1779 1951 Formbach.

486 1959 616 1986 Ieremias
642 1960 776 1987 Leichner
801 1961 859 1994 pbr.
880 1964 908 1988 et
934 1970 992 1988 can.
1013 1963 1048 1988 ad
1074 1963 1128 1988 Sum
1154 1963 1311 1991 Nicolaum.
1357 1965 1385 1991 P.
1406 1966 1578 1999 Augustinus
1602 1967 1722 1993 Herman
1750 1967 1779 1993 in

489 2002 662 2036 lVindberg]

437 2049 574 2075 Arnoldus
594 2059 628 2075 m.
666 2050 811 2077 Elisabeth
831 2058 906 2078 coma
924 2053 957 2079 de
978 2053 1052 2080 Hals.
1089 2054 1245 2081 Fridericus
1265 2056 1328 2083 abb.
1342 2056 1370 2082 in
1389 2057 1646 2089 Nidernaltaich.¹²)
1684 2058 1779 2092 [Wolf-

485 2101 593 2125 gaugus
612 2093 672 2126 pbr.
687 2095 716 2119 et
734 2103 768 2119 ιιι.
783 2094 811 2120 in
831 2095 951 2122 Monsee.
990 2097 1104 2124 Ioannes
1123 2098 1216 2132 Hager
1234 2099 1294 2132 pbr.
1309 2101 1337 2125 et
1356 2100 1427 2133 can]

437 2138 584 2164 Udalricus
603 2140 666 2167 abb.
681 2140 707 2166 in
729 2141 865 2174 Reman)
907 2143 1034 2169 Alramus
1059 2153 1127 2171 com.
1142 2145 1173 2171 de
1194 2145 1270 2171 Hals.
1312 2146 1350 2179 [P.
1366 2147 1482 2173 Ioannes
1507 2147 1534 2173 in
1554 2147 1777 2174 Nidernaltaich.

482 2181 644 2209 Matthaeus
664 2183 724 2217 pbr.
762 2184 791 2210 P.
806 2184 926 2211 Thomas
946 2185 973 2211 in
993 2186 1111 2213 Monsee.
1149 2188 1335 2222 Wolfgangus
1354 2189 1414 2223 pbr.
1431 2192 1460 2216 et
1479 2198 1537 2217 cau.
1556 2190 1584 2216 in
1603 2191 1777 2217 Ranshoven.

485 2224 602 2251 Ioannes
629 2226 791 2252 Franciscus
817 2228 973 2261 Andorffer,
1002 2230 1137 2264 Georgius
1163 2231 1255 2258 Strobl
1284 2232 1343 2265 pbri
1372 2235 1400 2259 et
1426 2233 1486 2258 cani
1514 2233 1543 2259 in
1568 2233 1776 2268 Reichersperg.

486 2267 601 2294 Ioannes
615 2268 679 2295 Frid
698 2269 774 2303 prior
793 2270 821 2296 in
835 2271 905 2297 Attl.
943 2271 972 2298 P.
985 2272 1079 2298 Simon
1092 2272 1234 2307 Scheyrer.
1271 2275 1300 2301 P.
1312 2275 1432 2301 Thomas
1446 2275 1539 2305 Soher,
1559 2275 1588 2301 P.
1602 2276 1777 2302 Bur-chardus

484 2310 630 2340 Perchker,
657 2312 685 2337 P.
698 2312 827 2339 Placidus
839 2314 979 2345 Lorenzer,
1004 2315 1047 2341 Fr.
1058 2316 1197 2343 Romanus
1207 2317 1303 2344 Wider
1316 2318 1387 2352 profi
1400 2318 1428 2344 in
1439 2318 1628 2344 Mallersdorff.
1657 2319 1776 2345 Michael

482 2352 591 2386 Seyfrid
607 2354 790 2382 vicedecanus
804 2356 832 2381 in
848 2356 931 2383 Rohr.
964 2358 991 2384 P.
1006 2358 1172 2385 Eustachius
1188 2360 1268 2386 Drexl
1282 2361 1309 2386 in
1323 2361 1568 2395 Weiheustephau.
1600 2361 1628 2387 P.
1640 2362 1775 2395 Casparus

485 2395 580 2422 Keller
599 2397 633 2423 ad
654 2397 750 2424 Scotos
765 2398 907 2433 Viennae]

224 2507 247 2537 θ’)
268 2507 300 2531 In
320 2508 436 2540 maryz'ne
455 2508 569 2534 addition
591 2515 625 2535 est
645 2511 733 2535 eadem
752 2520 844 2536 viana:
863 2512 958 2543 ‚1673‘.

226 2583 244 2613 ¹)
269 2582 442 2610 Ob.a.1489.
542 2586 562 2617 ²)
586 2585 630 2611 Ob.
645 2595 670 2612 a.
684 2590 757 2613 1⁶75.
859 2589 879 2619 ³)
899 2588 966 2614 Dies
985 2589 1120 2615 munirer&
1135 2589 1171 2614 ad
1190 2590 1291 2615 nullum
1312 2590 1472 2616 Heim7‘czmz
1491 2592 1555 2616 certe
1572 2589 1668 2621 referri
1682 2592 1772 2622 potest.

125 2625 145 2655 ⁴)
169 2623 214 2650 Ob.
227 2633 252 2650 α.
268 2630 340 2652 1502.

122 2666 144 2698 ³)
168 2666 213 2692 Ob.
231 2675 256 2692 (ι,
275 2671 348 2694 1289.

126 2709 159 2740 ¹¹)
180 2709 226 2735 Ob.
240 2718 264 2735 (ι.
279 2714 351 2737 1483.

430 2628 450 2659 ⁵)
473 2627 517 2654 Ob.
532 2632 638 2655 (1.1660.
728 2631 748 2663 ὃ)
773 2629 818 2656 Ob.
832 2639 856 2655 α.
868 2633 936 2662 1593,
956 2631 1012 2657 dies
1026 2639 1079 2657 non
1092 2636 1205 2658 constat.
1294 2635 1314 2664 7)
1339 2633 1385 2660 Oh.
1398 2642 1423 2658 a.
1438 2635 1510 2663 1639,
1530 2632 1584 2658 dies
1596 2640 1650 2658 ozon
1664 2635 1772 2658 constat.

461 2671 479 2701 ⁹)
505 2670 551 2696 Ob.
569 2679 593 2696 [ι.
615 2676 681 2698 1579.
790 2674 822 2705 ¹⁰)
847 2673 982 2699 Iohannes
1006 2675 1043 2700 II.
1072 2675 1146 2708 apud
1170 2675 1352 2707 Le'mlnerum,
1380 2675 1418 2702 ob.
1439 2684 1463 2701 α.
1483 2676 1583 2701 incesto
1612 2675 1713 2707 (XIII.
1731 2676 1772 2703 5.).

462 2713 494 2745 ²²)
518 2713 684 2741 0b.a.1335.
794 2717 825 2748 ¹³>
850 2715 894 2742 Oh.
909 2725 933 2743 a.
951 2721 1016 2743 1475.
