2054 2948
259 112 298 142 SO
849 102 1033 129 DIOECESIS
1054 100 1119 127 PAS
1125 98 1312 126 SAVIENSIS.

280 208 286 214 ·
333 193 435 220 X.ka.1.
480 190 782 225 23.Enge1schalcus
795 187 958 215 subdi-aena
971 186 1134 213 Formbach.
1167 185 1206 219 [P.
1218 184 1357 217 Casparus
1368 183 1521 216 Pregenzer
1533 182 1646 209 ibidem.
1677 182 1709 207 Di
1721 181 1879 215 Stephanus
1888 182 1908 214 ¹)

618 235 647 260 et
666 232 837 259 Gotthardus
846 233 865 261 ²)
885 231 966 257 abbe÷³
986 230 1021 255 ad
1040 230 1096 254 Sum
1116 228 1221 254 Vitum.
1257 227 1287 252 P.
1302 226 1405 252 Paulus
1423 225 1522 259 Mager
1540 226 1568 251 et
1587 234 1612 258 p.
1630 225 1748 251 Ioannes
1766 224 1859 258 K6ppl
1878 223 1908 250 in

617 276 797 302 Osterhoveu.
835 274 864 300 P.
878 272 1013 305 Georgius
1032 269 1241 304 Schmidtangtl
1265 269 1292 294 in
1313 268 1481 302 Baumburg.
1519 267 1656 294 Iohannes
1679 267 1823 301 Adipistor
1847 266 1907 300 pbr.

619 321 647 345 et
666 327 725 344 can.
740 318 768 343 in
788 317 881 349 Rollin]

324 364 368 390 IX.
382 363 437 389 kal.
483 364 523 389 24.
570 361 724 391 Udalrieus,
744 359 906 390 Friderieus,
922 359 1115 391 Wolfgangus,
1136 356 1278 383 Conradus
1297 355 1357 389 pbri
1371 356 1399 381 et
1419 355 1462 380 mi.
1500 349 1646 388 [D.'David
1664 353 1751 386 abb.⁸)
1788 354 1817 380 P.
1831 354 1909 380 Ioan-

619 413 667 431 nes
685 404 813 430 Sehwarz
837 403 872 428 ad
891 402 947 428 Sum
966 401 1108 427 Zenonem.
1147 400 1175 425 P.
1191 399 1305 425 loannes
1328 397 1355 424 in
1376 397 1541 431 Ebersperg.
1577 397 1779 423 P.Le0na1·dus
1798 397 1834 422 ad
1852 396 1910 422 Sum

620 447 741 473 Petrum.
782 446 897 471 Ioannes
917 444 992 477 Prigl
1016 443 1091 477 prior
1114 442 1143 468 in
1162 441 1322 475 Privening.
1364 441 1394 466 P.
1412 440 1511 466 Petrus
1530 439 1696 473 Kindlmayr
1714 439 1824 465 ibidem.
1866 439 1910 465 Fr.

621 489 758 523 Caspai-us
776 488 943 520 Nidermayr
962 487 990 512 in
1009 486 1133 512 Ossiach.
1170 484 1201 511 D.
1213 483 1350 518 Virgilius
1370 483 1433 510 abb.
1446 483 1476 509 in
1496 483 1616 516 Ettal.⁴)]

297 535 368 560 VIII.
382 534 436 560 kal.
483 535 523 560 25.
570 533 705 559 Martinus
719 532 790 557 (liae.
805 531 832 557 in
848 530 1009 556 Formbach.
1038 528 1224 562 Wolfgangus
1238 536 1272 553 m.
1302 526 1389 552 Hilka
1404 535 1431 552 n.
1446 535 1468 553 e.
1482 531 1538 552 ενδ.
1571 526 1667 552 Petrus
1681 534 1721 552 cv.
1734 525 1764 551 iu
1777 524 1910 551 Reiohen-

621 575 700 601 bach.
742 574 781 607 [P.
796 574 894 599 Petrus
917 573 944 598 in
964 572 1039 598 Rott.
1080 571 1110 597 D.
1125 569 1260 604 Georgius
1282 569 1345 595 abb.
1363 569 1398 595 ad
1418 569 1474 595 Sum
1495 569 1640 601 Petrum.⁶)
1682 568 1711 594 P.
1725 567 1911 602 Wolfgangus

620 617 753 643 Lanarius
767 616 795 641 in
809 616 886 642 Seon.
918 615 948 641 D.
961 613 1142 641 Sebastianus
1156 621 1233 646 ppos.
1248 612 1275 637 in
1291 611 1467 645 Chiemsee.⁰)
1496 611 1578 645 Hugo
1592 611 1683 638 Preinl
1703 611 1761 637 dee.
1774 612 1803 637 et
1816 619 1843 644 p.
1857 612 1911 636 An-

619 661 698 686 dreas
712 659 783 693 Vogl
803 659 863 692 pbri
883 660 911 684 et
930 658 990 683 eani
1010 657 1037 682 in
1059 656 1140 681 Rohr.
1178 656 1293 681 Ioannes
1313 655 1419 681 Korner
1437 655 1498 688 pbr.
1512 656 1540 681 et
1558 664 1593 680 m.
1607 654 1643 680 ad
1659 654 1716 680 Sum
1729 653 1911 679 Emeramum.

621 703 754 729 Theresia
773 702 879 727 smonlis
899 701 928 726 in
949 700 1082 726 Kiehaeh.
1121 699 1149 724 P.
1164 699 1395 724 Bartholomaeus
1413 697 1560 724 Schreiber
1579 697 1614 723 ad
1633 696 1729 723 Scotos
1742 695 1885 729 Viennae]

307 747 367 772 Vll.
382 747 437 772 kal.
484 747 524 772 26.
570 745 707 771 Erhardus
726 745 786 778 pbr.
801 747 829 770 et
848 753 882 770 m.
897 744 924 769 in
945 743 1061 769 Glefink.
1095 741 1251 767 Wolfoldus
1271 750 1296 766 n.
1311 749 1333 767 c.
1347 749 1388 766 cv.
1428 740 1466 774 [P.
1482 740 1602 766 Thomas
1616 739 1785 766 Werzhover
1803 739 1837 765 ad
1856 738 1913 765 Sum

622 788 764 814 Zenonem.
802 787 918 812 Ioannes
938 786 1157 811 Kaltenkrauter
1176 786 1204 810 et
1223 784 1360 810 Antonius
1380 783 1522 810 Saurwein
1544 783 1604 809 eani
1623 782 1735 809 ibidem.
1772 782 1803 808 D.
1821 781 1912 808 Hiere-

620 831 689 856 mias
709 839 785 864 ppos.
800 830 825 855 Si
840 829 951 855 Nicolai
963 830 983 861 ⁷)
1022 828 1052 854 D.
1067 829 1183 854 Ioannes
1203 835 1281 861 ppos.
1295 827 1322 852 in
1337 826 1524 858 Novacella.⁸)
1561 825 1696 852 Melehior
1713 825 1792 851 Maus
1811 824 1870 858 pbr.
1884 825 1913 850 et

622 882 680 899 ean.
702 873 729 898 in
754 872 963 905 Reichersperg.
1005 871 1141 897 Iohannes
1169 870 1326 904 Trffllinger
1352 878 1393 896 cv.
1414 870 1442 895 in
1470 868 1678 895 Obernaltaich.
1723 867 1754 893 D.
1774 868 1914 894 Romanus

621 915 764 942 Schmeidt
783 915 846 941 abb.
861 915 889 940 in
909 914 1102 948 Priiveningfl)
1139 915 1171 940 D.
1185 913 1326 939 Marianus
1347 921 1424 946 ppos.
1438 912 1467 938 in
1486 911 1697 944 Novacella.¹⁰)]

324 959 367 985 VI.
383 960 438 985 kal.
483 960 524 985 Ξῖ.
570 959 690 985 Michael
714 959 774 992 pbr.
793 960 821 985 et
844 967 879 984 m.
899 957 927 983 in
948 957 1063 984 Gleiink.
1107 956 1258 983 Henericus
1281 965 1306 982 u.
1321 965 1343 981 c.
1358 965 1392 981 m.
1434 955 1541 982 Iuditta
1559 964 1585 981 n.
1599 963 1621 981 c.
1636 960 1692 981 eva.
1730 954 1914 988 Wolfgangus

621 1002 680 1035 pbr.
701 1004 728 1028 et
755 1010 814 1028 can.
834 1001 861 1027 in
882 1001 1080 1026 Waldhauseu.
1122 1000 1252 1026 Placidus
1276 999 1351 1033 prior
1374 999 1402 1024 iu
1422 999 1552 1025 Scheurn·
1593 998 1633 1031 [D.
1649 997 1785 1024 Antonius
1804 996 1867 1022 abb.
1885 995 1913 1021 iu

622 1044 908 1077 Weihenstephanst¹>
946 1043 1119 1069 Fr.10annes
1138 1043 1253 1069 Zwitter
1279 1042 1306 1067 in
1328 1041 1502 1068 Ranshoven.
1541 1041 1663 1067 Andreas
1689 1040 1749 1074 pbr.
1769 1041 1798 1066 et
1823 1049 1858 1065 m.
1879 1039 1915 1065 ad

622 1088 678 1114 Sum
698 1087 890 1119 Emei·a1num.]

338 1131 371 1157 V.
384 1131 440 1157 kal.
486 1132 526 1157 28.
573 1131 654 1157 Vitus
678 1131 737 1164 pbr.
756 1132 785 1156 et
810 1139 844 1156 m.
863 1130 891 1155 in
911 1129 1028 1155 Gleimk.
1066 1129 1182 1154 loannes
1201 1128 1297 1154 Mader
1316 1128 1375 1161 pbr.
1396 1130 1424 1153 et
1443 1136 1477 1153 m.
1515 1126 1678 1152 Waltherus
1697 1134 1723 1151 n.
1738 1134 1760 1151 c.
1774 1133 1814 1150 ev.
1852 1125 1915 1150 Ger-

621 1173 710 1200 trudis
737 1178 784 1199 (sva
806 1178 846 1198 na.
890 1172 980 1198 Maria
1006 1171 1156 1205 Hattingin
1183 1171 1211 1196 in
1238 1170 1450 1204 Seeligenthall.
1497 1169 1537 1204 [P.
1555 1168 1724 1196 Benedictus
1749 1167 1862 1194 Strbber
1887 1166 1915 1192 in

626 1216 865 1242 Raittenhaslaeh.
910 1215 1018 1241 Blasius
1038 1215 1152 1241 Reisner
1171 1215 1231 1248 pbr.
1250 1216 1278 1240 et
1302 1222 1361 1240 ean.
1382 1214 1417 1239 ad
1436 1213 1491 1239 Sum
1512 1212 1706 1246 Hippolytum.
1749 1211 1780 1236 D.
1794 1209 1916 1236 Michael

625 1259 689 1286 abb.
703 1259 731 1284 in
751 1259 860 1291 Beiirn.]

327 1303 371 1329 IV.
386 1303 441 1328 kal.
487 1303 526 1328 29.
574 1302 706 1336 Aegidius
725 1311 760 1328 m.
793 1302 919 1328 Erasmus
939 1301 1002 1327 abb.
1017 1301 1050 1326 nd
1065 1300 1121 1326 Sum
1136 1299 1355 1329 Salvatoremffl)
1387 1299 1518 1328 Andreas.
1539 1297 1679 1324 Conradus
1699 1296 1759 1330 pbri
1779 1298 1807 1322 et
1826 1296 1861 1321 mi
1881 1296 1916 1322 ad

623 1344 679 1370 Sum
699 1345 825 1370 Paulum.
864 1343 1054 1370 Ruedmundis
1074 1344 1155 1375 cv³.³)
1193 1342 1367 1368 Hadeleueus
1387 1342 1469 1373 cv³.b)
1507 1341 1544 1374 [P.
1560 1341 1676 1367 Ioannes
1695 1339 1785 1365 Hakel
1805 1339 1840 1364 ad
1859 1338 1915 1364 Sum

623 1387 766 1413 Zenonem.
803 1387 941 1420 Casparus
961 1386 1023 1412 abb.
1039 1386 1064 1411 Si
1078 1385 1199 1419 Georgii.
1238 1385 1266 1410 P.
1284 1384 1414 1410 Erasmus
1431 1384 1581 1417 Stellmayr
1599 1383 1627 1408 in
1642 1383 1755 1409 Metten.
1793 1381 1821 1407 P.
1836 1382 1917 1408 Geor-

624 1431 685 1464 gius
706 1430 785 1456 Riedl
812 1430 840 1455 in
861 1429 1018 1462 Privening.
1061 1429 1089 1455 P.
1104 1428 1237 1461 Iosephus
1258 1427 1356 1461 Rigele
1379 1427 1407 1452 in
1428 1427 1511 1453 Melk.
1554 1426 1654 1452 Daniel
1674 1425 1768 1459 Degen
1790 1425 1864 1458 prior
1888 1425 1916 1450 in

624 1473 805 1499 osterhoven.
846 1473 958 1498 Maurus
983 1472 1108 1505 Zwerger
1132 1471 1191 1504 pbr.
1213 1472 1241 1496 et
1265 1480 1299 1496 111.
1320 1470 1346 1495 in
1373 1469 1535 1496 Formbach.
1581 1469 1609 1494 P.
1628 1468 1775 1501 Aquilinus
1794 1468 1918 1494 Venator

629 1525 689 1542 can.
703 1516 732 1542 in
752 1515 937 1548 Ranshoven.]

326 1560 372 1585 ΠΙ.
387 1559 442 1584 kal.
488 1559 528 1585 30.
575 1559 721 1584 Udalricus
741 1559 800 1592 pbr.
819 1560 847 1584 et
866 1568 900 1584 m.
938 1557 1091 1583 Henericus
1110 1566 1134 1582 n.
1150 1566 1172 1582 e.
1187 1566 1226 1582 cv.
1265 1556 1430 1582 Benedictus
1450 1555 1514 1581 abb.
1528 1555 1556 1580 in
1576 1554 1739 1586 Giirsten.¹³)
1776 1554 1814 1587 [P.
1830 1553 1916 1580 Wolf-

626 1602 728 1627 hardus
747 1601 776 1627 in
797 1601 946 1627 Chiemsee.
985 1600 1012 1626 P.
1029 1600 1212 1633 Wolfgangus
1232 1599 1259 1624 in
1280 1599 1396 1625 Gleunk.
1434 1598 1592 1632 Stephanus
1611 1597 1671 1631 pbr.
1685 1599 1714 1623 et
1732 1606 1792 1623 can.
1806 1597 1841 1622 ad
1861 1596 1917 1622 Sum

626 1644 779 1670 Nicolaum.
823 1645 850 1669 P.
866 1644 980 1670 loannes
1001 1642 1141 1668 Wasmair
1166 1642 1193 1668 in
1214 1641 1394 1675 Alderspaeh.
1436 1641 1585 1675 Gregorius
1604 1639 1685 1673 Gigel
1709 1640 1769 1673 pbr.
1788 1641 1815 1666 et
1834 1649 1869 1665 m.
1890 1639 1918 1665 in

626 1687 729 1713 Andex.
775 1687 803 1713 P.
825 1686 973 1720 Gregorius
998 1685 1122 1719 Dinspek
1149 1685 1176 1710 in
1197 1685 1320 1711 Garsten.
1367 1684 1396 1710 P.
1416 1684 1558 1710 Marianus
1583 1683 1712 1713 Grebnel,
1739 1682 1916 1708 Mellieensis.

626 1730 669 1756 Fr.
688 1730 825 1756 Matthias
850 1729 1012 1755 Edenhover
1037 1737 1077 1754 cv.
1098 1728 1210 1754 ibidem.
1256 1727 1344 1754 Maria
1369 1726 1513 1753 Erntrudis
1533 1725 1734 1760 Kendlingerin
1759 1725 1866 1751 smonlis
1890 1725 1919 1750 in

629 1773 762 1806 Nunberg
782 1772 957 1805 Salisburgi.]

343 1816 375 1841 Il.
391 1816 446 1841 kal.
491 1817 531 1841 31.
579 1816 746 1842 Adnlbertns
764 1825 798 1841 m.
836 1815 977 1841 Conradns
997 1815 1056 1847 pbr.
1071 1817 1097 1840 et
1118 1823 1151 1839 in.
1191 1814 1342 1840 Benedicta
1355 1822 1407 1839 sor.
1421 1818 1459 1838 11³.
1497 1813 1619 1839 Petrissa
1633 1817 1686 1838 eva.
1724 1811 1845 1837 Thomas
1858 1812 1918 1845 pbr.

629 1863 656 1884 et
677 1859 819 1884 Gom-adas
847 1867 887 1884 cv.
908 1858 941 1883 ad
963 1860 1018 1883 &⁰¹¹¹
1040 1858 1182 1883 Zenonem.
1228 1856 1266 1889 [P.
1286 1857 1400 1883 loannes
1426 1856 1454 1882 in
1474 1856 1594 1882 Monsee.
1636 1855 1664 1881 P.
1680 1854 1866 1888 Wolsgangus
1892 1856 1920 1880 et

628 1902 656 1927 P.
672 1901 830 1927 Leonardus
851 1901 925 1926 Bairl
945 1901 980 1926 ad
992 1900 1048 1926 Sum
1063 1900 1220 1934 Georgium.
1258 1900 1288 1925 D.
1304 1900 1489 1933 Wolfgangus
1506 1897 1659 1924 Merxeisen
1679 1897 1742 1923 abb.
1757 1897 1784 1922 in
1803 1897 1920 1929 Seonfl)

630 1944 657 1970 P.
678 1944 798 1970 Miehael
825 1944 947 1970 Clamser
975 1943 1086 1969 ibidem.
1134 1943 1288 1969 Ludovicus
1315 1943 1472 1977 Penninger
1499 1942 1558 1975 pbr.
1581 1944 1609 1968 et
1637 1950 1673 1966 m.
1697 1940 1920 1966 Cremifanensis.

629 1987 658 2012 P.
672 1987 751 2012 Felix
771 1986 868 2012 Riohel
888 1986 914 2011 in
937 1986 1057 2011 Diessen.
1097 1986 1124 2011 P.
1141 1986 1288 2019 Philippus
1309 1985 1429 2011 Kachler
1447 1985 1482 2011 ad
1502 1984 1557 2010 Sum
1577 1983 1702 2009 Paulum.
1740 1983 1769 2008 P.
1784 1983 1920 2009 Gerardus

632 2029 782 2062 xvasgeling
801 2029 922 2061 ibidem]

993 2116 1193 2152 APRILIS.

394 2189 449 2215 kal.
513 2191 535 2215 1.
582 2190 777 2216 Gottsehnlvus
796 2200 820 2216 n.
836 2200 858 2217 e.
873 2200 905 2216 m.
944 2191 1095 2218 Henericus
1114 2192 1143 2217 et
1157 2190 1272 2216 loannes
1292 2189 1351 2223 pbri
1366 2191 1395 2214 et
1413 2189 1448 2214 mi
1464 2188 1690 2215 Lunaelacenses.
1728 2188 1767 2221 [P.
1782 2188 1921 2222 Casparus

632 2233 776 2259 Miilhuver
796 2234 823 2258 in
843 2233 972 2260 Admont.
1010 2234 1038 2259 P.
1054 2233 1188 2267 Georgius
1208 2233 1235 2258 in
1255 2232 1386 2265 Scheyrn.
1424 2231 1558 2264 Georgius
1571 2231 1780 2265 Rettenganger
1799 2230 1874 2264 prior
1893 2230 1921 2256 in

633 2276 707 2301 Rott.
750 2276 906 2302 Leonardus
930 2276 1109 2310 schirmpeck
1133 2276 1208 2309 prior
1232 2275 1258 2300 in
1283 2274 1440 2308 Privening.
1484 2273 1512 2300 P.
1532 2273 1683 2300 Henerieus
1702 2273 1922 2299 Frosehelmoser

633 2318 659 2343 in
685 2318 763 2344 Seon.
809 2319 837 2345 P.
858 2319 1016 2346 Ferri-<indus
1044 2319 1171 2353 supprior
1198 2318 1225 2344 iu
1255 2318 1330 2343 Rvott.
1376 2317 1630 2343 Reverendissimus
1658 2325 1690 2342 ac
1714 2315 1922 2342 lllustrissimus

632 2361 662 2386 D.
678 2361 707 2387 D.
722 2361 860 2387 Antonius
879 2362 942 2388 abb.
961 2362 1182 2389 cremifanensis.
1203 2370 1260 2394 eps.
1274 2360 1485 2389 Viennensis-¹⁵)
1527 2360 1558 2385 D.
1572 2359 1694 2385 Micliael
1713 2359 1923 2393 Lanzenberger

633 2403 695 2429 abb.
710 2404 735 2429 8¹
750 2404 959 2438 Salvatoris.¹⁶)]

377 2510 400 2541 a)
419 2510 493 2535 Recle
513 2512 676 2536 Ruedinudis.
783 2513 805 2543 Ιλ)
826 2513 868 2536 Ira
888 2514 912 2537 in
932 2514 1015 2537 codice
1033 2518 1067 2537 est
1087 2514 1214 2544 scriptum.

380 2587 398 2617 ¹)
423 2586 467 2611 Ob.
478 2589 536 2618 post
555 2594 578 2610 a.
594 2590 653 2612 1516
672 2586 713 2612 die
733 2588 836 2613 incerto.
943 2590 963 2615 2)
988 2588 1031 2614 Ob.
1045 2598 1069 2614 n.
1085 2592 1160 2619 1548,
1189 2588 1288 2613 incerto
1306 2587 1355 2613 dic.
1462 2588 1483 2619 ⁸)
1505 2586 1563 2618 Quo
1578 2586 1716 2618 pertineat,
1736 2593 1792 2610 non
1812 2587 1921 2612 constat.

275 2630 296 2660 ⁴)
317 2628 362 2654 ob.
376 2638 400 2654 ιι.
415 2632 488 2654 1668.
595 2630 615 2657 ⁵)
637 2628 711 2654 Fert.
730 2629 857 2662 Gom-qius
873 2630 961 2663 Oeller.
982 2632 1027 2663 qni
1040 2631 1076 2656 ob.
1091 2640 1115 2657 α.
1132 2634 1204 2662 1535,
1224 2629 1269 2656 sed
1282 2630 1368 2655 Mart.
1380 2633 1417 2655 17.
1526 2630 1546 2661 ὃ)
1568 2628 1612 2654 Ob.
1625 2637 1650 2654 a.
1662 2632 1728 2654 1599.
1833 2629 1854 2660 ⁷)
1876 2628 1922 2653 Ob.

275 2680 299 2695 α.
312 2674 377 2697 1585.
461 2672 481 2703 s)
506 2670 550 2696 Ob.
561 2680 585 2696 α.
598 2675 663 2697 1617.
748 2675 765 2699 ⁹)
789 2673 834 2698 Ob.
846 2682 870 2698 a.
882 2677 953 2704 1677,
968 2674 1014 2699 secl
1026 2674 1087 2700 Feb.
1100 2677 1136 2700 13.
1222 2675 1254 2702 ¹⁰)
1273 2673 1317 2699 Ob.
1329 2682 1354 2699 a.
1368 2676 1432 2699 1675.
1518 2674 1550 2704 ¹¹)
1566 2671 1610 2698 Ob.
1622 2680 1647 2697 α.
1660 2675 1735 2697 1509.
1823 2673 1854 2703 ¹²)
1876 2670 1922 2697 Ob.

275 2722 298 2739 ιι.
312 2716 382 2739 1483.
468 2715 499 2743 ¹³)
521 2713 564 2739 Ob.
579 2722 602 2739 α.
616 2717 690 2740 1488.
776 2716 808 2743 ¹⁴)
829 2715 873 2741 Ob.
888 2725 911 2740 a.
924 2720 993 2742 1581.
1030 2717 1070 2742 De
1088 2717 1129 2741 die
1146 2717 1313 2743 dissentiam.
1400 2716 1431 2747 ¹⁶)
1454 2714 1498 2740 Ob.
1510 2724 1534 2740 a.
1546 2718 1613 2741 1639.
1698 2714 1731 2748 ¹⁸)
1756 2714 1799 2740 Ob.
1814 2723 1839 2740 a.
1851 2717 1922 2740 1648.
