2054 2948
261 96 300 126 98

384 187 445 205 non.

293 435 367 460 VIII.
381 434 418 460 id.

306 649 367 675 VII.
382 648 417 674 id.

319 861 364 887 VI.
379 860 415 887 id.

319 1330 366 1357 IV.
380 1330 416 1357 id.

314 1458 362 1485 111.
376 1457 412 1484 id.

332 1673 366 1698 II.
380 1672 415 1697 id.

381 1932 418 1958 id.

284 2106 369 2133 XVIl.
384 2106 437 2132 kal.

298 2322 370 2348 XVI.
384 2323 438 2349 kal.

500 178 523 204 7.

482 859 521 885 10.

483 1116 522 1142 11.

478 1457 520 1483 13.

482 1671 522 1697 14.

485 1933 523 1958 15.

485 2107 525 2132 16.

484 2324 523 2350 17.

853 88 1035 116 DIOECESIS
1054 86 1315 114 PASSAVIENSIS.

569 176 721 203 Henericus
740 185 765 202 n.
779 184 802 202 c.
816 176 875 209 pbr.
889 177 917 201 et
936 183 969 200 m.
1007 173 1162 200 Fridericus
1179 173 1239 206 pbr.
1253 174 1280 199 et
1294 181 1329 198 m.
1366 171 1406 204 [Ρ.
1421 170 1566 197 Udalricus
1579 171 1609 197 in
1623 170 1740 198 Gleiink.
1777 171 1820 198 Fr.
1834 171 1912 198 Chri-

618 220 765 253 stophorus
784 218 812 244 in
826 218 955 244 Admont.
989 217 1106 242 Ioannes
1117 215 1205 241 Wolff
1219 215 1282 240 abb.
1296 214 1325 240 in
1338 213 1544 247 Osterhoven.¹)
1577 214 1694 241 Ioannes
1706 214 1792 246 Maas,
1813 215 1912 241 Petrus

619 261 805 295 Feuchtinger
817 260 877 294 pbri
891 262 919 287 et
932 259 968 285 mi
982 259 1010 285 in
1024 258 1192 291 Priivening.
1224 258 1254 283 R,
1268 258 1301 283 D.
1312 255 1448 282 Matthias
1461 264 1537 290 ppos.
1550 256 1581 282 in
1594 257 1717 290 Suben.²)
1744 257 1909 284 Lambertus

618 304 724 337 Krueg,
753 303 880 329 Urbanus
905 301 1022 332 Gailler,
1050 300 1174 326 Andreas
1199 299 1313 326 Kueferl
1341 299 1401 332 pbri
1428 300 1457 324 et
1483 299 1544 325 eani
1568 299 1682 326 ibidem.
1724 299 1754 325 P.
1774 299 1911 326 Martinus

618 346 792 373 Schweikart
816 345 846 371 in
871 345 947 371 Rott.
990 342 1127 369 Martinus
1151 342 1279 368 Bunaeus
1302 341 1364 375 pbr.
1383 343 1411 367 et
1435 349 1494 367 can.
1513 341 1724 376 iuWindberg.
1768 342 1798 368 P.
1812 342 1912 369 Petrus

618 390 769 422 Auswoger
787 388 822 414 ad
841 387 897 414 Sum
918 386 1037 412 Petrum.
1075 384 1102 410 P.
1118 384 1274 409 Bernardus
1293 383 1321 409 in
1340 383 1474 416 Diessen]

570 432 703 458 Albertus
717 431 776 464 pbr.
790 433 818 457 et
831 439 891 456 can.
906 429 933 455 in
948 427 1128 454 osterhoven.
1160 426 1200 460 [Ρ.
1211 425 1324 452 Gabriel
1339 425 1374 452 ad
1387 425 1444 451 Sum
1455 425 1636 452 Salvatorem.
1670 426 1713 452 Fr.
1722 426 1909 461 Wolfgangus

619 474 647 500 in
661 474 774 500 Metten.
805 471 943 499 Antonius
956 480 996 497 cv.
1010 470 1039 495 in
1054 469 1261 496 Obernaltaich.
1290 468 1438 502 Philippus
1451 469 1512 502 pbr.
1525 470 1554 495 et
1567 477 1626 495 can.
1638 469 1675 495 ad
1686 469 1743 495 Sum
1755 469 1911 496 Nicolaum.

620 517 648 542 Ρ.
664 516 829 543 Pauor-atius
848 515 877 541 in
890 513 1053 540 Formbach.
1084 512 1114 538 P.
1125 512 1260 538 Nieolaus
1272 511 1415 538 Sehranck
1433 511 1462 537 in
1474 511 1641 546 Priivening.
1671 511 1780 545 sybilla
1793 512 1911 539 Rechlin

618 565 665 586 ova
689 560 716 585 in
742 559 883 592 Nunberg.
926 558 956 583 P.
974 557 1091 582 Ioannes
1116 555 1144 580 in
1170 554 1331 581 Novaeella.
1374 554 1404 581 P.
1422 554 1535 581 Maurus
1556 554 1648 582 Faber
1671 555 1701 581 in
1721 555 1912 582 Oberaltaich.

619 602 791 636 Theophilus
811 601 897 627 Ianck
917 600 976 633 pbr.
991 601 1018 626 et
1038 608 1072 624 m.
1086 598 1115 624 in
1135 597 1370 630 Seittenstetten.]
1816 618 1818 620 .

570 646 710 679 Rupertus
728 645 809 678 eps.³)
846 643 1037 676 Hieronymus,
1057 641 1251 674 Sigismundus
1270 640 1330 674 pbri
1343 642 1372 666 et
1390 640 1427 666 mi
1439 639 1467 665 in
1481 640 1599 666 Monsee.
1638 640 1678 674 [P.
1691 640 1864 674 Augustinus
1883 640 1912 667 in

619 688 748 713 Admont.
785 686 828 712 Fr.
844 686 1027 717 Hieronymus
1040 684 1069 709 iu
1084 682 1294 710 Obernaltaich.
1330 682 1359 708 P.
1374 682 1529 709 Bernartius
1542 682 1571 708 in
1583 682 1689 710 Andex.
1722 683 1837 710 Ioannes
1850 683 1912 717 pbr.

620 733 648 757 et
668 739 727 756 can.
741 729 769 755 in
785 728 993 762 Reiehersperc.
1030 726 1173 752 Mattheus
1188 725 1291 752 Reiber
1310 725 1369 759 pbr.
1384 727 1412 752 et
1432 734 1491 751 ean.
1504 725 1533 751 in
1547 726 1623 752 Gars.
1659 725 1748 752 Maria.
1762 726 1912 760 Lutgardis

618 773 725 799 smonlis
739 772 767 798 in
781 772 931 798 Chiemsee.
965 771 995 795 R.
1009 771 1041 796 D.
1056 769 1193 796 Gerardus
1207 769 1271 795 abb.
1285 768 1313 794 in
1327 768 1533 802 Alderspachf)
1563 768 1593 794 P.
1606 768 1817 801 chrysostomus
1830 769 1912 802 Mayr

618 815 654 841 ad
672 816 729 841 Sum
750 813 941 846 Emeramum]

567 858 731 885 Gebhardus
749 865 806 891 eps.
820 856 1043 889 Passaviensis.⁵)
1080 855 1243 886 Henerieus,
1270 855 1423 886 Conradus,
1450 855 1599 890 Gregorius
1617 855 1678 889 pbri
1697 857 1725 882 et
1745 855 1788 882 mi.
1825 855 1913 883 Hene-

618 901 691 926 ricus
705 909 729 926 n.
744 909 766 926 c.
780 909 821 926 cv.
854 900 975 926 Thomas
988 899 1049 932 pbr.
1063 900 1091 924 et
1105 906 1164 924 can.
1178 898 1214 924 ad
1227 899 1283 924 Sum
1297 897 1453 925 Nicolaum.
1485 898 1524 932 [P.
1535 898 1647 925 Maurus
1660 898 1690 924 in
1703 898 1913 925 Obernaltaieh.

618 943 804 977 Wolfgangus
817 943 959 977 Moringer
977 951 1017 968 ev.
1034 941 1146 968 ibidem.
1179 940 1316 974 Casparus
1333 941 1393 974 pbr.
1407 943 1436 968 et
1450 949 1509 967 can.
1522 941 1551 967 in
1565 941 1775 975 Reichersperg.
1806 941 1835 967 P.
1849 941 1913 968 Ber-

618 986 720 1012 nardus
740 985 874 1019 Teriuger
897 985 926 1011 in
947 984 1031 1011 Melk.
1074 983 1164 1010 Maria
1182 983 1309 1010 Victoria
1332 983 1366 1009 de
1386 983 1568 1010 Lerchenfeld
1591 983 1696 1010 smonlis
1720 983 1748 1009 in
1768 983 1910 1018 Nunberg.

620 1029 649 1054 P.
665 1028 805 1055 Romanus
825 1028 972 1054 Pernazius
992 1027 1020 1053 in
1034 1026 1282 1053 Krembsmi'iuster.
1320 1026 1409 1052 Maria
1423 1025 1590 1052 Constantia
1602 1025 1784 1060 Heiningerin
1803 1026 1910 1052 smonlis

618 1071 647 1097 in
667 1071 887 1105 Seeligenthall.]

569 1114 763 1148 Marquardus,
790 1114 940 1144 Martinus,
968 1113 1116 1140 Henerious
1136 1113 1197 1146 pbri
1215 1115 1242 1139 et
1263 1113 1306 1138 mi.
1344 1112 1500 1139 Ludovicus
1519 1112 1596 1139 Rom.
1611 1113 1797 1146 Imperator.⁶)
1834 1112 1913 1139 Lieb-

623 1157 726 1183 hardus
750 1157 826 1190 prior
848 1156 877 1182 in
897 1156 1103 1183 Reichenbaoh.
1146 1156 1175 1182 P.
1189 1155 1324 1190 Georgius
1343 1155 1372 1181 in
1391 1155 1506 1182 Metten.
1547 1155 1578 1182 D.
1591 1155 1777 1189 Wolfgangus
1800 1155 1864 1182 abb.
1884 1155 1913 1181 in

619 1200 824 1233 Alderspaehfl)
856 1199 990 1233 Georgius
1005 1200 1116 1233 Ragger
1134 1199 1194 1233 pbr.
1209 1201 1237 1225 et
1256 1208 1316 1225 can.
1330 1199 1366 1225 ad
1379 1198 1435 1224 Sum
1450 1198 1604 1225 Nicolaum.
1636 1198 1666 1225 P.
1679 1198 1838 1232 Stephanus
1851 1198 1914 1224 Zoss

618 1244 647 1269 in
678 1243 752 1269 Rott.
799 1242 981 1268 Balthasarus
1010 1242 1093 1268 Fezer
1120 1242 1180 1276 pbr.
1202 1244 1231 1268 et
1258 1251 1293 1267 m.
1316 1241 1344 1267 in
1370 1242 1491 1268 Monsee.
1536 1241 1658 1268 Michael
1684 1241 1788 1273 Weiss,
1819 1241 1914 1267 Benno

619 1285 811 1311 Schweichart
831 1285 1056 1311 Cremifanenses.
1095 1285 1125 1311 R.
1140 1285 1171 1311 D.
1186 1285 1307 1311 Adainus
1326 1284 1446 1310 Piichler
1464 1292 1542 1318 ppos.
1557 1283 1876 1317 Reieherspergensis.⁸)]

518 1350 523 1355 .
569 1327 755 1354 Berchtoldus
780 1327 840 1361 pbr.
861 1329 889 1354 et
914 1336 949 1353 m.
972 1327 1001 1352 in
1024 1327 1211 1354 Mallerstorff.
1256 1327 1296 1361 [P.
1315 1327 1450 1361 Georgius
1475 1327 1502 1352 in
1529 1326 1710 1360 Alderspaeh.
1754 1325 1914 1359 Henerious,

618 1371 789 1401 Hartliebus,
809 1370 934 1401 Ioannes,
954 1370 1106 1396 Henericus
1123 1370 1184 1404 pbri
1199 1372 1227 1397 et
1240 1371 1283 1396 mi.
1315 1370 1345 1396 P.
1356 1369 1492 1404 Georgius
1505 1369 1685 1396 Zimmerman
1704 1369 1914 1396 administrator

620 1413 647 1439 iu
667 1413 772 1440 Andex.
808 1413 923 1439 Ioannes
939 1413 1053 1439 Werder
1071 1412 1100 1438 in
1123 1413 1190 1439 Attl.
1228 1413 1256 1439 P.
1271 1413 1406 1439 Antonius
1424 1412 1500 1439 Sterr
1518 1412 1547 1438 in
1567 1412 1842 1445 Chrembsmfinster]

566 1456 722 1483 Hertwicus
741 1455 841 1488 abb.¹²)
881 1456 976 1482 Petrus
995 1455 1111 1481 Sehmaz
1130 1465 1154 1482 n.
1169 1464 1190 1481 c.
1205 1455 1265 1489 pbr.
1279 1458 1307 1482 et
1326 1465 1360 1482 m.
1398 1455 1594 1487 Berchtoldus,
1621 1455 1719 1481 Petrus
1739 1455 1800 1488 pbri
1820 1456 1848 1481 et
1867 1455 1910 1481 mi.

620 1499 803 1525 Balthasarus
817 1498 998 1532 Stronberger
1017 1498 1076 1532 pbr.
1116 1498 1154 1532 [P.
1170 1498 1273 1525 Paulus
1292 1499 1320 1524 in
1334 1499 1515 1532 Alderspach.
1552 1498 1581 1524 P.
1595 1498 1776 1525 Sebastianus
1789 1498 1913 1524 Plijemel

621 1541 649 1567 iu
668 1541 892 1567 Nidemaltaieh.
934 1541 963 1567 P.
979 1541 1087 1568 Marcus
1106 1541 1282 1567 Maleriarius
1306 1541 1334 1567 in
1358 1541 1521 1568 Novaoella.
1564 1541 1593 1567 F.
1607 1540 1780 1567 Caelestinus
1798 1540 1915 1568 Stocker

619 1585 648 1610 in
661 1584 785 1610 Ossiach.
823 1584 852 1610 P.
867 1583 970 1610 Tobias
984 1584 1114 1610 Gmainer
1127 1584 1155 1610 in
1170 1584 1392 1611 Nidernaltaich.
1429 1583 1593 1610 Godefridus
1607 1584 1701 1610 Keller
1713 1592 1754 1610 ον.
1768 1583 1797 1609 in
1810 1583 1913 1610 Obem-

619 1627 746 1660 altaich]

568 1671 683 1696 Ioannes
708 1669 771 1696 abb.
791 1669 819 1695 in
844 1669 1032 1701 Formbach.⁹)
1071 1669 1112 1702 [P.
1132 1669 1248 1695 Ioannes
1274 1669 1302 1695 in
1321 1669 1440 1695 Monsee.
1482 1668 1512 1694 P.
1526 1668 1620 1694 Simon
1644 1668 1672 1694 in
1692 1668 1914 1695 Nidernaltaich.

621 1713 813 1745 Hieronymus,
833 1713 949 1738 Ioannes
968 1712 1028 1745 pbri
1048 1714 1076 1738 et
1094 1712 1130 1737 mi
1150 1712 1177 1737 in
1198 1712 1445 1746 Weihenstephan.
1482 1712 1649 1738 IVernherus
1668 1720 1703 1738 m.
1741 1711 1837 1737 Libsta
1857 1717 1914 1737 eva.

620 1756 663 1781 Fr.
678 1755 815 1781 Antouius
839 1755 874 1781 ad
894 1756 949 1781 Sum
970 1755 1127 1781 Nicolaum.
1172 1755 1201 1780 P.
1215 1755 1400 1788 Hieronymus
1422 1755 1451 1781 in
1470 1755 1634 1789 Ebersperg.
1675 1755 1705 1781 P.
1719 1754 1867 1789 Gregorius
1886 1754 1915 1780 in

619 1799 724 1824 Audex.
766 1798 795 1824 P.
814 1798 939 1824 Andreas
958 1797 1115 1831 Gunziuger
1140 1798 1175 1824 ad
1202 1798 1258 1824 Sum
1277 1798 1421 1824 Zenonem.
1466 1798 1495 1824 P.
1512 1797 1692 1824 Sebastianus
1717 1797 1861 1832 Zeininger
1886 1797 1914 1824 in

620 1841 694 1868 Rott.
733 1841 762 1867 P.
776 1841 895 1867 Ioannes
914 1841 1004 1867 Faber
1022 1849 1079 1867 seu.
1094 1840 1318 1867 Cremifanensis.
1356 1841 1496 1866 Romanus
1515 1840 1657 1867 Pl‘ahuber
1674 1849 1700 1866 n.
1714 1849 1736 1867 c.
1753 1840 1813 1874 pbr.
1832 1842 1860 1867 et
1879 1849 1914 1866 m.

620 1883 754 1917 Aegidius
776 1884 886 1910 Tanner
904 1884 966 1917 pbr.
980 1886 1008 1909 et
1028 1892 1087 1910 can.
1102 1884 1131 1909 in
1150 1883 1233 1910 Rohr.
1271 1884 1387 1910 Ioannes
1405 1883 1529 1910 Schubin
1548 1883 1608 1917 pbr.
1623 1885 1650 1909 et
1669 1893 1704 1910 m.
1718 1883 1746 1909 in
1765 1883 1870 1916 Zwetl.]

570 1932 671 1958 Petrus
695 1931 755 1964 pbr.
775 1933 803 1957 et
828 1940 863 1957 m.
909 1931 1047 1964 Casperus
1066 1931 1129 1957 abb.
1150 1931 1179 1956 in
1203 1931 1402 1963 Formbaeh.¹⁰)
1450 1930 1489 1964 [P.
1509 1930 1613 1956 Paulus
1639 1930 1669 1956 in
1692 1930 1914 1957 Nidernaltaich.

621 1975 649 2000 P.
669 1974 849 2000 Sebastianus
876 1973 904 1999 in
929 1974 1049 2000 Monsee.
1096 1974 1125 1999 P.
1144 1974 1310 2000 Laurentius
1335 1974 1363 1999 in
1386 1974 1487 2000 Beiirn.
1532 1973 1663 2000 Albertus
1691 1981 1759 1999 com.
1781 1973 1815 2000 de
1838 1973 1915 2000 Hals.

622 2017 650 2042 P.
665 2017 793 2042 Urbanus
813 2017 841 2042 in
854 2017 950 2043 Monte
970 2017 989 2042 si
1004 2016 1124 2050 Georgii.
1162 2017 1191 2043 P.
1206 2017 1357 2044 Henericus
1376 2017 1404 2042 in
1417 2017 1533 2043 Metten.
1569 2016 1599 2042 F.
1610 2016 1752 2042 Erhardus
1765 2016 1793 2042 iu
1806 2016 1915 2043 Alders-

621 2060 702 2092 pach.
740 2060 845 2090 Petrus.
865 2059 1057 2088 IVendelinus.
1076 2060 1249 2094 Augustinus
1267 2060 1424 2086 Hofstetter
1443 2059 1504 2093 pbri
1524 2061 1552 2085 et
1570 2060 1605 2085 mi
1625 2059 1654 2085 in
1673 2059 1850 2093 Priivening]

571 2106 729 2134 Henericus
750 2107 873 2138 Ioannes,
893 2107 1015 2133 Miehael
1034 2107 1095 2141 pbri
1116 2109 1144 2134 et
1163 2108 1198 2133 mi
1217 2107 1246 2133 in
1266 2108 1365 2134 Beiirn.
1402 2106 1442 2140 [P.
1456 2107 1574 2133 Iacobus
1592 2108 1621 2133 et
1639 2106 1776 2132 Matthias
1794 2107 1868 2133 Auer
1886 2107 1915 2133 in

621 2149 843 2176 Nidernaltaioli.
885 2150 913 2175 P.
929 2150 1011 2176 Vitus
1039 2151 1074 2176 ad
1098 2150 1152 2176 S¹¹¹¹¹
1174 2150 1278 2176 Vitum.
1325 2149 1461 2176 Martinus
1486 2150 1556 2176 diae.
1602 2149 1765 2176 Gebhardus
1790 2149 1916 2176 subdiac.

622 2192 794 2218 Liebhardus
814 2202 848 2218 m.
885 2193 914 2218 P.
930 2193 1050 2219 Thomas
1075 2193 1103 2219 in
1125 2193 1330 2220 Reichenbach.
1367 2192 1410 2218 Fr.
1424 2192 1548 2219 Andreas
1567 2192 1596 2218 in
1614 2192 1728 2226 Biburg.
1765 2192 1796 2218 D.
1811 2192 1914 2218 Paulus

623 2235 685 2260 abb.
701 2235 728 2260 iu
743 2235 857 2267 Seon.¹¹)
894 2235 937 2262 Fr.
952 2236 1068 2262 lacobus
1081 2236 1207 2263 Dietrich
1225 2236 1253 2262 in
1269 2235 1510 2262 Raittenhaslaeh.
1547 2235 1576 2262 P.
1590 2235 1708 2270 Magnus
1721 2235 1867 2261 Althanier
1886 2235 1915 2261 in

622 2278 741 2303 Monsee.
778 2278 807 2304 P.
822 2277 986 2304 Valentinus
1006 2279 1189 2305 Zinnuerman
1208 2279 1236 2305 in
1255 2279 1373 2312 Zwettl.]

570 2323 710 2350 Com-aelus
723 2325 825 2357 abb.¹‘-')
863 2325 1002 2352 Couradus
1016 2327 1076 2360 pbr.
1090 2329 1118 2353 et
1131 2336 1166 2353 m.
1204 2327 1232 2353 Ρ.
1247 2328 1363 2354 Ioannes
1377 2328 1405 2354 in
1418 2328 1600 2362 Alderspach.
1637 2327 1795 2362 Menigotus
1808 2337 1834 2354 n.
1845 2337 1868 2354 e.
1878 2337 1914 2354 m.

624 2367 663 2399 [P.
677 2367 792 2393 Ioannes
812 2368 922 2394 Kletter
942 2369 969 2394 in
990 2369 1154 2396 For-mbach.
1191 2369 1340 2404 Gregorius
1354 2371 1436 2397 Drexl
1456 2371 1515 2404 pbr.
1529 2373 1557 2396 et
1577 2379 1636 2397 can.
1649 2370 1678 2396 in
1692 2370 1774 2396 Rohr.
1812 2370 1914 2396 Paulus

622 2409 712 2435 Zierer
737 2410 796 2443 pbr.
818 2412 846 2437 et
871 2419 930 2437 can.
951 2411 1320 2447 Claustro-Neoburgensis.
1362 2414 1542 2440 Sebastianus
1561 2414 1641 2447 Mayr
1667 2413 1727 2447 pbr.
1750 2414 1779 2439 et
1804 2421 1863 2439 can.
1887 2413 1915 2439 in

625 2451 758 2485 Diessen.]

369 2567 387 2597 ¹)
413 2566 456 2592 Ob.
467 2575 491 2591 α,
504 2569 574 2592 1593.
665 2568 685 2599 2)
708 2567 783 2594 Fort.
797 2569 917 2595 Manlius
932 2570 1156 2603 Froschlzammer,
1175 2571 1213 2598 ob.
1227 2575 1298 2602 1640,
1318 2571 1361 2597 sed
1373 2571 1436 2597 Dm.
1448 2571 1505 2597 18?
1594 2572 1614 2604 ³)
1634 2571 1710 2597 Fort.
1722 2571 1914 2603 Passariensis,

262 2608 308 2640 qui
327 2608 365 2633 ob.
381 2612 447 2639 1165,
466 2608 511 2634 sed
524 2609 590 2635 Nor.
605 2610 648 2636 a?
744 2612 763 2643 ⁴)
787 2610 831 2637 Ob.
845 2620 869 2636 a.
884 2616 954 2638 1669.
1054 2615 1072 2645 ⁵)
1097 2614 1142 2640 Ob.
1156 2622 1181 2640 (ι.
1196 2617 1267 2640 1232,
1371 2615 1392 2645 ⁰)
1411 2614 1546 2644 Bararus,
1565 2613 1605 2639 ob.
1619 2622 1643 2639 α.
1657 2616 1727 2639 1347.
1828 2615 1848 2646 ⁷)
1869 2612 1916 2640 Ob.

393 2693 412 2718 Ι
480 2652 504 2723 ⁸))
522 2651 567 2678 Ob.
581 2661 604 2678 a,
620 2657 686 2678 11:75.
794 2655 814 2685 ⁹)
834 2653 869 2679 In
888 2655 952 2680 serie
970 2655 1094 2681 abbatum
1113 2656 1187 2683 deest.
1225 2657 1353 2690 (lohanes
1372 2657 1404 2683 de
1422 2656 1612 2690 Poppenbery„
1635 2655 1690 2682 abb.
1705 2651 1855 2688 Formbac.)
1876 2655 1914 2682 ob.

265 2701 289 2718 a.
304 2696 372 2723 1435,
411 2701 455 2719 nn.
469 2696 491 2719 3.

263 2658 288 2675 α.
303 2655 371 2676 1544.

612 2697 643 2727 ¹⁰)
668 2695 712 2721 Ob.
726 2704 750 2721 cr.
766 2700 836 2722 1472.
946 2699 976 2729 11)
998 2698 1043 2724 ob.
1058 2707 1082 2724 a.
1098 2702 1167 2726 1602.
1276 2700 1308 2733 l²)
1328 2699 1373 2725 Ad
1390 2707 1463 2732 quem
1482 2698 1645 2731 referendum
1665 2699 1705 2731 sit,
1731 2707 1785 2725 non
1805 2701 1916 2725 constat.
