2054 2948
264 59 325 89 330
875 49 1059 78 DIOECESIS
1077 50 1122 76 LE
1128 49 1304 76 NTIENSIS.

929 164 1247 200 FEBRUARIUS.

392 242 448 269 kal.
513 242 534 267 1.
582 240 632 267 Ob.
653 240 758 273 Caspar
785 248 842 265 acc.
862 239 896 265 de
920 238 1082 265 Ratisboua.
1131 237 1248 263 Ioannes
1276 236 1336 270 pbr.
1354 236 1386 262 de
1410 235 1488 261 Seon.
1533 235 1564 261 D.
1582 235 1769 270 Wolfgangus
1794 236 1858 263 abb.
1882 237 1916 263 de

627 282 815 314 Formbach.¹)
863 281 1002 308 Conradus
1028 280 1089 314 pbr.
1107 279 1135 305 in
1160 279 1377 305 Cremsminster.
1423 274 1598 304 Abraha'mus
1620 277 1767 312 Alopicius
1791 278 1861 305 diac.
1882 279 1916 305 de

627 326 869 358 Closterneupurg.
922 323 1087 349 Elisabetha
1113 330 1164 348 sor.
1187 321 1212 347 1³
1243 321 1272 347 in
1298 321 1487 355 Nidernburg.
1531 320 1703 348 Aemilianus
1730 321 1859 355 supprior
1887 321 1916 348 in

625 367 813 394 Mallerstorff.
860 366 1007 399 Gregorius
1031 365 1090 399 pbr.
1111 364 1140 390 in
1163 365 1285 390 Monsee.
1331 363 1528 390 Constantinus
1551 364 1611 398 pbr.
1633 363 1669 390 ad
1696 364 1753 390 Sum
1769 364 1914 391 Zenonem.

628 409 785 437 Leonardus
805 409 865 442 pbr.
880 407 1131 442 Cremiphanensis.
1169 406 1304 441 Aegidius
1323 406 1383 440 pbr.
1398 407 1618 441 Tegeruseensis.

330 455 451 482 1V.n0n.
505 455 529 480 2.
574 453 623 480 Ob.
642 453 674 479 D.
692 452 833 479 Conradus
852 451 915 477 abb.
932 450 965 476 de
990 450 1125 484 Augusta.
1163 449 1284 475 Thomas
1310 449 1397 482 pbr.¹²)
1425 449 1454 475 in
1477 449 1640 484 Tegernsee.
1686 449 1826 475 Erbardus
1855 449 1916 483 pbr.

626 495 739 522 ibidem.
776 494 899 520 Adamus
919 493 979 526 pbr.
999 493 1032 519 de
1051 491 1129 518 Seon.
1167 491 1198 518 D.
1214 491 1356 518 Conradus
1375 491 1439 518 abb.
1458 492 1491 519 de
1509 492 1605 525 Attl.²)
1648 491 1782 518 Nicolaus
1801 492 1861 526 pbr.
1882 492 1916 519 de

624 538 723 564 Mettu.
754 537 886 563 Albertus
905 536 961 562 dux
979 534 1110 561 Austriae
1120 536 1148 567 ³),
1168 534 1332 560 benefactor
1344 543 1370 560 u.
1401 533 1524 561 Michael
1543 543 1584 561 cv.
1597 534 1631 561 de
1650 534 1753 561 Altach
1767 533 1916 568 Superiori.

625 580 775 614 Philippus
801 579 861 613 pbr.
882 579 914 604 de
934 578 1084 604 Chiemsee.
1121 577 1314 611 sigismundus
1336 577 1397 611 pbr.
1414 577 1443 603 in
1462 577 1627 611 Tegernsee.
1664 577 1832 604 Benedictus
1856 576 1918 610 pbr.

622 622 828 649 Lambacensis.
870 621 902 647 D.
921 620 1050 647 Placidus
1075 620 1138 646 abb.
1162 620 1191 646 in
1210 620 1427 653 Nideraltaehst)
1470 620 1598 654 Ignatius
1621 620 1691 654 prof.
1713 619 1919 651 Admontensis,

624 674 767 699 supremus
786 665 814 691 in
833 665 909 691 Go‘ss.
947 663 1080 697 Aegidius
1098 663 1159 697 pbr.
1173 663 1351 690 Mellicensis.

330 711 377 736 III.
391 718 455 736 nou.
509 709 533 735 3.
580 708 630 734 Ob.
640 708 672 734 D.
684 708 841 741 Berngerus
854 707 918 733 abb.
929 706 956 732 in
971 706 1159 740 Tegernsee.⁵)
1185 706 1300 732 Ioannes
1313 706 1373 740 pbr.
1385 706 1418 733 de
1431 706 1591 740 Salzburga.
1620 705 1780 733 Leonardus
1793 705 1918 732 Donatus

626 750 655 776 in
676 750 839 784 Tegemsee.
884 749 1050 783 Rempertus
1075 749 1135 783 pbr.
1153 758 1178 775 n.
1194 757 1216 775 c.
1257 748 1361 775 Vitalis
1385 749 1446 782 pbr.
1464 749 1497 775 de
1517 748 1759 783 Closterneuburg.
1795 748 1917 775 Michael

624 793 699 826 prior
723 793 756 819 de
784 793 802 818 F
805 792 945 818 ormbach.
991 792 1022 819 D.
1039 791 1138 818 Daniel
1160 792 1283 818 Adamus
1307 792 1371 819 abb.
1388 792 1417 818 in
1436 791 1702 824 Raittenhaslach.⁸)
1738 791 1919 818 Sebastianus

622 836 684 869 pbr.
699 835 735 861 ad
754 835 850 861 Scotos
869 834 1003 861 Viennae.
1040 834 1072 860 D.
1086 834 1215 861 Urbanus
1234 834 1298 861 abb.
1312 834 1339 860 iu
1359 834 1513 868 Admont.⁷)
1549 834 1638 861 Maria
1657 834 1823 861 Constantia
1842 833 1920 868 prof²

624 879 652 904 in
672 878 860 911 Nideruburg.
901 877 1084 904 Sebastianus
1104 877 1164 910 pbr.
1182 877 1211 902 in
1230 877 1382 904 Chiemsee.
1422 878 1454 903 D.
1474 877 1638 904 Lambertus
1661 877 1724 904 abb.
1746 877 1775 903 in
1794 876 1918 910 Suben.⁸)

624 921 757 954 Iosephus
776 921 838 954 pbr.
856 921 884 947 iu
904 920 1055 947 Chiemsee.
1093 919 1310 953 christophorus
1329 920 1390 954 pbr.
1408 920 1437 946 in
1455 920 1625 955 Baumburg.
1661 920 1792 947 Placidus
1811 920 1871 954 pbr.
1890 919 1920 946 in

622 963 698 990 Rott.

337 1009 371 1035 ΙΙ.
385 1016 447 1034 nou.
501 1008 525 1033 4.
571 1006 621 1033 Ob.
641 1006 827 1040 lVolfgangus
857 1005 918 1039 pbr.
936 1014 963 1032 n.
982 1015 1004 1032 c.
1042 1006 1085 1032 Fr.
1103 1006 1276 1041 Augustinus
1305 1006 1377 1033 diac.
1394 1015 1421 1033 n.
1440 1015 1462 1033 c.
1511 1006 1646 1032 Henricus
1674 1006 1707 1032 de
1730 1005 1919 1037 Volkenstorf,

623 1049 785 1075 benefactor
803 1058 830 1075 n.
863 1049 1011 1075 Udalricus
1030 1049 1090 1082 pbr.
1104 1049 1134 1075 in
1154 1049 1318 1076 Formbach.
1352 1049 1502 1076 Mauritius
1521 1049 1582 1083 pbr.
1596 1051 1625 1076 et
1643 1049 1719 1083 prior
1735 1049 1768 1075 de
1788 1048 1918 1075 Admont.

626 1092 658 1118 D.
678 1092 828 1118 Mauritius
854 1092 918 1118 abb.
940 1092 973 1118 de
999 1092 1145 1125 Manseest‘)
1189 1092 1387 1126 cristophorus
1411 1092 1471 1126 pbr.
1489 1101 1516 1118 n.
1534 1101 1556 1119 c.
1599 1092 1784 1125 Hieronymus
1806 1091 1866 1125 pbr.
1887 1091 1917 1117 iu

624 1135 868 1162 Raittenhaslach.
906 1135 997 1162 Maria
1016 1135 1140 1162 Caecilia
1160 1136 1280 1170 Iosepha
1299 1136 1327 1162 in
1345 1136 1489 1169 Nunberg.
1527 1135 1692 1162 Benedictus
1712 1135 1772 1169 pbr.
1791 1134 1820 1160 in
1840 1134 1920 1160 Lam-

626 1178 706 1204 bach.
752 1178 842 1204 Maria
870 1177 1034 1204 Mechtildis
1059 1179 1136 1211 prosa
1160 1178 1189 1204 in
1215 1179 1359 1212 Nuuberg.
1402 1178 1586 1212 Hieronymus
1609 1178 1670 1212 pbr.
1687 1178 1716 1204 in
1740 1177 1919 1204 Oberaltach.

622 1221 795 1247 Herculanus
815 1220 873 1247 dec.
886 1220 914 1246 in
930 1220 1140 1255 Reichersperg.
1173 1221 1346 1255 Euphrosina
1365 1221 1491 1248 Secunda
1510 1221 1586 1256 prosa
1608 1221 1637 1247 in
1656 1221 1836 1254 Nidernburg
1854 1220 1920 1246 Pas-

624 1263 704 1290 savii.
746 1263 879 1290 Ernestus
904 1263 965 1297 pbr.
986 1263 1015 1289 in
1038 1263 1281 1291 Raittenhaslach.
1323 1265 1472 1291 Mauritius
1496 1265 1556 1299 pbr.
1576 1263 1789 1298 Hospitalensis.
1826 1263 1921 1290 Ferdi-

624 1307 731 1333 naudus
758 1307 817 1340 pbr.
838 1307 866 1332 in
887 1306 1130 1334 Raitteuhaslach.
1167 1308 1341 1342 Theophilus
1365 1308 1424 1342 pbr.
1442 1308 1646 1335 Admontensis.
1683 1306 1839 1334 Bernardus
1858 1307 1920 1341 pbr.

624 1349 802 1376 Ossiacensis.

391 1402 454 1420 non.
508 1393 532 1419 5.
578 1392 628 1419 Ob.
642 1393 674 1419 D.
688 1393 835 1426 Elingerus
855 1393 919 1419 abb.
933 1393 961 1419 in
982 1393 1184 1427 Tegernsee.¹⁰)
1215 1391 1384 1418 Benedictus
1403 1390 1464 1424 pbr.
1478 1390 1511 1417 de
1525 1390 1627 1417 Altach
1642 1389 1776 1417 Inferiori.
1807 1389 1922 1416 Gabriel

626 1436 685 1469 pbr.
709 1436 737 1462 in
767 1436 931 1470 Tegernsee.
984 1436 1148 1462 Lambertus
1174 1435 1235 1469 pbr.
1254 1434 1288 1461 de
1314 1434 1393 1461 Seon.
1443 1433 1597 1460 Bernardus
1620 1433 1680 1467 pbr.
1702 1433 1730 1459 in
1756 1433 1921 1467 Tegernsee.

626 1478 781 1505 Hieremias
805 1478 867 1512 pbr.
887 1479 920 1505 de
941 1478 1104 1505 Ratisbona.
1141 1477 1246 1504 Paulus
1266 1477 1407 1504 Romanus
1426 1477 1486 1511 pbr.
1505 1477 1538 1503 de
1558 1476 1661 1503 Altach
1680 1475 1829 1510 Superiori.
1866 1475 1920 1502 Do-

625 1521 743 1547 minicus
769 1522 829 1555 pbr.
847 1522 881 1548 de
906 1521 1148 1554 Closterneuburg.
1190 1521 1300 1546 Marcus
1324 1520 1384 1554 pbr.
1402 1520 1435 1547 de
1462 1519 1611 1545 Lambach.
1651 1519 1785 1552 Iosephus
1808 1519 1868 1552 pbr.
1887 1518 1920 1544 de

627 1564 776 1591 Gottwico.
814 1564 983 1591 Benedictus
1003 1564 1036 1591 de
1055 1564 1221 1597 Altenburg.
1260 1563 1420 1589 Bonifacius
1439 1563 1508 1596 prof.
1522 1562 1551 1588 in
1569 1561 1748 1588 Oberaltach.

293 1607 372 1633 vm.
387 1607 423 1633 id.
509 1608 532 1633 6.
579 1607 629 1634 Ob.
645 1607 802 1633 Fridericus
826 1609 855 1634 et
873 1607 1066 1641 sigismundus
1086 1606 1196 1632 Truend
1220 1615 1252 1632 ex
1272 1605 1433 1632 melioribus
1452 1605 1677 1632 benefactoribus
1694 1606 1742 1632 nis.
1783 1604 1919 1631 Ockarius

626 1660 668 1677 cv,
682 1651 715 1676 de
735 1651 900 1684 Tegernsee.
931 1650 1081 1684 Gregorius
1101 1650 1161 1683 pbr.
1176 1649 1208 1676 de
1229 1649 1421 1676 Seitteustetn.
1453 1648 1588 1682 Georgius
1607 1648 1676 1682 prof.
1690 1647 1802 1674 ibidem.
1833 1647 1921 1673 Anto-

627 1693 689 1719 nius
709 1693 784 1726 prior
803 1693 831 1719 in
850 1693 1070 1719 Michaelbeuru.
1107 1693 1265 1726 Stephanus
1284 1694 1313 1719 et.
1332 1691 1477 1718 oswaldus
1496 1691 1557 1725 pbri
1576 1691 1604 1717 in
1624 1691 1734 1717 Gleink.

311 1735 370 1762 VII.
385 1735 421 1762 id.
506 1737 528 1762 7.
575 1736 624 1762 Ob.
647 1736 821 1763 Eberhardus
845 1737 879 1763 de
897 1736 1019 1763 Mellico.
1056 1736 1230 1762 Christianus
1256 1737 1283 1762 et
1305 1735 1446 1762 Conradus
1472 1734 1532 1768 pbri
1555 1734 1589 1761 de
1608 1734 1686 1761 Seon.
1724 1733 1921 1760 Walthasarus

627 1780 687 1813 pbr.
701 1780 733 1805 de.
754 1780 917 1813 Tegernsee.
955 1779 1011 1806 Sor.
1026 1779 1137 1805 Amalia
1157 1779 1232 1813 prosa
1252 1778 1282 1804 in
1301 1778 1436 1812 Nunberg
1454 1777 1609 1811 Salzburgi.
1647 1777 1834 1811 Wolfgangus
1853 1776 1920 1802 olim

625 1823 701 1856 prior
724 1823 752 1848 in
777 1823 879 1849 Monse.
917 1823 1039 1849 Adamus
1064 1822 1139 1855 prior
1164 1824 1193 1848 et
1212 1821 1422 1848 administrator
1447 1821 1539 1847 Cellae
1558 1820 1671 1847 Mariae.
1711 1820 1836 1846 Andreas
1860 1820 1920 1853 pbr.

626 1868 653 1892 et
674 1875 837 1892 oeconomus
857 1875 883 1892 n.
897 1874 919 1892 c.
957 1865 1105 1900 Gregorius
1126 1865 1185 1899 pbr.
1199 1865 1235 1891 ad
1253 1865 1311 1891 Sum
1325 1864 1475 1891 Martinuiu
1495 1864 1522 1890 in
1542 1863 1694 1890 Pannonia.
1730 1863 1842 1889 Maurus
1860 1863 1921 1896 pbr.

628 1910 656 1934 et
679 1917 844 1935 oeconomus
870 1908 898 1934 in
918 1908 1178 1942 Weichenstephan.
1225 1907 1278 1934 Leo
1302 1907 1360 1934 dec.
1378 1907 1415 1933 ad
1433 1907 1490 1933 Sum
1503 1907 1646 1933 Zenonem.
1687 1905 1836 1940 Gregorius
1861 1905 1921 1939 pbr.

626 1951 737 1978 ibidem.
776 1951 912 1978 Matthias
931 1951 990 1985 pbr.
1004 1951 1032 1977 in
1052 1951 1182 1977 Admout.
1213 1950 1245 1977 D.
1259 1950 1432 1977 Coelestinus
1451 1950 1515 1977 abb.
1529 1949 1754 1981 Glunicensis11),
1774 1949 1844 1983 prof.
1860 1948 1921 1974 Cre-

629 1994 828 2027 miphanensis
861 1995 1022 2021 Theodorus
1041 1994 1102 2028 pbr.
1117 1994 1145 2020 in
1163 1993 1242 2020 Seon.
1274 1993 1387 2020 Gabriel
1407 1993 1467 2027 pbr.
1480 1993 1510 2019 in
1529 1993 1649 2027 Aspach.
1686 1992 1775 2018 Maria
1795 1992 1920 2018 Barbara

629 2037 705 2070 prof-2
724 2037 753 2062 in
774 2037 908 2071 Nunberg
927 2037 1092 2071 Salisburgi.
1134 2037 1267 2063 Nicolaus
1291 2036 1367 2070 prior
1386 2035 1592 2062 Gottwicensis.
1629 2035 1670 2062 Fr.
1684 2035 1859 2061 Burchardus
1879 2043 1921 2061 cv.

628 2079 740 2106 ibidem.

329 2119 375 2145 VI.
389 2119 426 2145 id.
509 2120 533 2146 8.
581 2121 631 2148 Ob.
646 2122 762 2148 Ioannes
783 2123 842 2156 pbr.
860 2123 889 2149 in
909 2124 1074 2157 Tegernsee.
1111 2123 1227 2150 Iacobus
1246 2123 1306 2157 pbr.
1326 2132 1351 2149 n.
1365 2132 1388 2149 c.
1424 2123 1456 2150 D.
1469 2122 1568 2150 Petrus
1587 2122 1650 2149 abb.
1669 2122 1703 2149 de
1722 2122 1920 2156 Salzbu1·ga.1²)

628 2164 805 2191 Leonhardus
830 2174 871 2192 cv.
886 2166 998 2192 ibidem.
1036 2166 1172 2193 Melchior
1195 2166 1254 2200 pbr.
1273 2166 1302 2192 in
1321 2166 1485 2199 Tegernsee.
1527 2165 1686 2199 Stephanus
1712 2165 1871 2191 Praunauer
1894 2166 1922 2191 et

629 2207 795 2234 Laurentius
809 2209 949 2235 Guttbrod
969 2211 997 2236 et
1017 2215 1078 2235 uses
1092 2218 1193 2241 eorum,
1211 2209 1402 2235 benefactores
1416 2208 1450 2235 ni.
1482 2208 1657 2235 Bernhardus
1676 2208 1735 2242 pbr.
1749 2208 1783 2234 de
1803 2207 1924 2241 Tegei-n-

628 2258 680 2275 see.
713 2250 907 2285 Chrysogonus
927 2252 986 2285 pbr.
1001 2252 1113 2279 ibidem.
1145 2252 1276 2278 Placidus
1296 2252 1355 2285 pbr.
1369 2251 1398 2277 in
1416 2251 1494 2278 Seon.
1531 2250 1679 2277 Mauritius
1698 2251 1758 2284 pbr.
1773 2251 1806 2277 de
1820 2251 1923 2277 Altach

630 2292 766 2319 Inferiori.
802 2294 982 2321 Sebastianus
1003 2295 1061 2329 pbr.
1076 2295 1109 2322 de
1128 2295 1249 2321 Mellico.
1286 2294 1433 2321 Valentius
1452 2294 1513 2328 pbr.
1526 2293 1637 2320 ibidem.
1674 2293 1798 2320 Andreas
1818 2293 1877 2327 pbr.
1894 2293 1922 2319 iu

635 2334 796 2369 'segernseess
829 2337 860 2363 D.
875 2337 1010 2372 Georgius
1024 2339 1087 2364 abb.
1101 2338 1126 2364 Si
1141 2338 1267 2364 Mauritii
1287 2338 1315 2363 in
1330 2337 1480 2364 Pannonia.
1511 2336 1645 2370 Georgius
1664 2336 1723 2370 pbr.
1743 2338 1771 2362 et
1784 2336 1875 2362 senior
1889 2335 1922 2362 de

371 2446 395 2478 ³)
415 2448 487 2479 ‚pbrf
507 2449 533 2473 ἰη
552 2451 667 2481 mambre
687 2452 853 2484 (ulscripr‘nm.

374 2532 393 2562 1)
417 2530 462 2557 Ob.
476 2536 582 2559 a.156.3.
724 2537 744 2567 ²)
766 2536 802 2562 H.
817 2545 843 2562 τι.
860 2537 910 2564 ΙΙ..
930 2538 968 2564 ob.
983 2548 1022 2564 cu.
1040 2547 1064 2565 a.
1077 2543 1146 2565 1571.
1292 2541 1312 2572 ³)
1332 2539 1399 2565 Dies
1418 2538 1509 2564 cumin
1524 2538 1560 2564 ad
1577 2538 1682 2563 nullum
1701 2537 1839 2563 Albertum
1858 2538 1923 2562 certe

269 2572 364 2603 ’'eser’‘i
379 2575 474 2605 pom-‘f-
587 2576 605 2606 ⁴)
629 2575 673 2602 (lb.
687 2581 793 2604 u.1697.
906 2582 926 2612 n)
948 2581 993 2606 Ob.
1007 2586 1113 2607 a.101·.>.
1226 2584 1247 2613 ⁴⁸)
1271 2582 1316 2608 Ob.
1327 2591 1351 2607 a.
1364 2585 1437 2608 1640.
1549 2583 1568 2613 ⁷)
1592 2580 1636 2607 Ob.
1650 2583 1760 2612 a.1659,
1779 2579 1832 2605 dies
1851 2579 1923 2605 varie

268 2614 396 2640 frs'sm'ff-
508 2616 528 2647 ²³)
552 2616 598 2642 Ob·
613 2626 637 2643 (1-
650 2622 717 2645 1672-
829 2623 849 2654 ις“)
871 2622 914 2649 Ob.
929 2631 952 2648 α.
966 2627 1032 2649 1633.
1146 2626 1177 2657 ¹⁰)
1202 2625 1247 2651 Ob.
1261 2633 1285 2651 a.
1300 2628 1372 2651 1050.
1485 2626 1517 2657 ¹¹)
1541 2623 1586 2650 Ob.
1602 2632 1627 2650 α.
1639 2627 1711 2650 1678.
1819 2623 1852 2654 ¹²)
1878 2621 1923 2648 Ob.

249 2692 253 2695 Ι
269 2664 294 2681 α.
308 2660 375 2682 1466.
