2054 2948
253 96 293 125 90

285 262 358 289 vm.
372 262 409 288 id.

298 433 358 459 VII.
373 433 409 459 id.

310 647 357 673 VI.
371 646 407 672 id.

310 1030 355 1057 IV.
370 1030 405 1056 id.

310 1202 356 1228 ΙΙΙ.
371 1201 407 1228 id.

323 1417 356 1443 11.
370 1417 405 1442 id.

371 1545 406 1571 id.

270 1802 358 1828 XVII.
372 1802 427 1828 kal.

283 2058 356 2084 XVI.
371 2058 426 2084 kal.

300 2313 357 2339 XV,
372 2313 426 2339 kal.

474 645 513 672 10.

474 859 513 885 11.

472 1029 513 1055 12.

474 1202 513 1227 13.

473 1417 512 1442 14.

474 1546 513 1571 15.

475 1802 514 1828 16.

474 2059 514 2085 17.

474 2315 513 2340 13.

846 88 1028 115 DIOECESIS
1047 84 1309 114 PASSAVIENSIS.

612 175 795 202 Sebastianus
814 174 902 200 Ecker
923 174 984 207 pbr.
998 175 1026 200 et
1045 182 1080 199 m.
1094 172 1122 198 iu
1142 173 1217 198 Rott.
1254 171 1411 198 Alexander
1428 171 1550 198 Sti-asser
1567 171 1628 205 pbr.
1641 173 1670 198 et
1689 180 1748 198 ean.
1762 172 1907 199 Reichers-

612 218 763 252 pergensis.
802 217 829 243 P.
845 217 963 243 Ioannes
982 215 1190 249 Schmidtiinger
1209 214 1442 247 Lunaelaeensis.]

560 261 632 287 Erbo
651 270 685 286 m.
727 261 843 286 Ioannes
866 259 926 293 pbr.
943 260 972 285 et
994 268 1029 284 m.
1071 257 1212 284 conradus
1237 257 1298 291 pbr.
1340 257 1378 290 [P.
1392 256 1584 291 Sigismundus
1607 257 1636 283 in
1654 257 1904 292 Weihenstephan.

613 303 747 337 Georgius
770 303 887 336 Prumps
910 302 970 336 pbr.
992 303 1020 328 et
1045 309 1104 327 ean.
1126 300 1154 326 in
1178 300 1390 334 Reichersperg.
1434 299 1568 334 Georgius
1593 300 1687 335 Prung
1713 301 1771 327 dee.
1792 300 1905 328 ibidem.

612 347 641 372 P.
656 347 767 372 Maurus
786 345 814 371 in
829 345 959 377 Scheyrn.
996 344 1019 369 D
1042 344 1159 369 Ioannes
1171 342 1368 376 Dirmadinger
1387 351 1465 376 ppos.
1479 342 1507 368 in
1523 342 1698 376 Chiemsee.¹)
1733 343 1762 370 P.
1776 343 1906 370 Salomon

612 387 805 421 Sigenhaimer
823 397 849 413 n.
863 396 887 413 c.
923 386 1052 413 Valerius
1071 386 1166 418 Meyer
1185 385 1244 419 pbr.
1260 387 1288 411 et
1307 394 1366 411 can.
1381 385 1409 411 in
1428 385 1648 420 Reichersperg.]

561 431 702 458 Martinus
722 440 747 457 n.
766 440 787 456 c.
805 430 866 464 pbr.
884 431 911 456 et
934 439 969 455 ni.
1011 428 1205 462 Marquardus,
1232 428 1330 454 Petrus
1349 429 1393 455 mi.
1434 428 1621 455 Theodericus
1640 437 1681 455 ov.
1719 429 1905 464 Wolfgangus

612 475 672 508 pbr.
693 476 721 500 et
744 482 803 500 can.
846 473 886 506 [P.
904 471 1035 498 Placidus
1053 471 1193 497 Ehrnman
1217 470 1245 496 in
1265 471 1489 497 Nidernaltaich.
1532 471 1560 497 P.
1578 472 1730 498 Germanus
1750 471 1905 506 Riugmayr

611 517 723 543 ibidem.
767 516 808 542 Fr.
830 515 966 549 Caspai-us
992 515 1049 540 Irer
1075 513 1103 539 in
1130 513 1339 540 Obernaltaich.
1383 514 1413 539 D.
1435 514 1568 540 Nieolaus
1593 514 1657 541 abb.
1677 514 1905 548 Gluniacensis.²)

612 560 726 586 Ioannes
751 559 831 591 Mayr
857 558 917 592 pbr.
938 560 967 584 et
989 566 1049 584 can.
1071 557 1105 583 ad
1129 556 1186 582 Sum
1210 556 1368 583 Nicolaum.
1412 557 1440 582 P.
1458 556 1600 584 Wisintho
1626 557 1780 591 Nachpaur
1804 557 1906 585 Cremi-

614 602 755 635 fanensis]

560 645 715 671 Richardus
732 644 819 677 abb.³)
856 642 1019 674 Ludovicus.
1040 642 1216 669 Christianus
1233 643 1294 676 pbri
1309 645 1337 669 et
1350 643 1393 669 mi.
1430 642 1595 670 Guilielmus
1608 643 1732 670 subdiac.
1770 643 1906 678 Georgius

610 688 670 721 pbr.
685 689 713 713 et
732 696 766 713 ni.
780 687 808 712 in
822 686 926 712 Andex.
960 685 1076 711 Ioannes
1090 684 1288 712 Zuckschwert
1304 694 1382 719 ppos.
1396 686 1424 712 in
1439 685 1614 718 Chiemsee.⁴¹)
1645 685 1685 720 [P.
1699 686 1857 713 Leonardus
1874 686 1904 712 in

610 730 785 757 Ranshoven.
814 729 857 756 Fr.
871 728 988 755 Iacobus
1002 727 1116 754 ibidem.
1148 728 1299 754 Balthasar
1312 728 1449 762 Krumper
1462 729 1522 762 pbr.
1536 730 1565 755 et
1578 737 1637 754 can.
1650 728 1681 755 in
1693 728 1904 763 Reichersperg.

610 773 640 799 P.
655 773 819 806 Rudolphus
838 771 935 798 Raueh
955 772 984 797 et
1002 771 1032 797 P.
1046 771 1218 804 Augustinus
1235 771 1322 797 Mosel
1341 771 1369 797 in
1382 771 1633 805 Weihenstephan.
1670 771 1700 797 P.
1715 771 1905 798 Ferdinandus

611 815 799 849 Ebersperger
817 815 853 841 ad
872 814 969 840 Sootos
984 813 1127 847 Viennae]

559 858 717 885 Leonardus
741 857 800 891 pbr.
821 859 849 884 et
873 866 933 884 can.
953 856 982 882 in
1002 856 1202 883 Waldhausen.
1246 856 1367 882 Thomas
1391 865 1427 882 m.
1447 856 1476 882 in
1495 856 1676 890 Alderspach.
1721 856 1760 890 [P.
1774 857 1906 884 Placidus

609 901 736 927 Scheirer
761 900 789 926 in
813 900 976 935 Ebersperg.
1019 901 1117 927 Petrus
1143 910 1183 928 ev.
1205 901 1317 928 ibidem.
1358 900 1545 935 Wolfgangus
1571 900 1733 927 Reislender
1757 901 1786 926 in
1811 901 1906 927 Monte

609 944 630 969 si
654 943 775 977 Georgii.
816 943 975 970 Leonardus
998 943 1162 978 Stosperger
1192 943 1267 977 prior
1292 943 1321 969 in
1343 943 1586 970 Raittenhaslach.
1628 943 1745 969 Ioannes
1771 943 1906 977 Georgius

610 986 690 1012 Denk
709 986 854 1013 titularius
873 996 899 1012 11.
936 986 1044 1013 Corona
1064 987 1190 1013 Barbara
1204 986 1348 1013 Vorsterin
1367 987 1475 1012 smonliss
1494 986 1522 1012 in
1540 986 1737 1020 Nidernburg.]

558 1029 723 1061 Hadmarus,
743 1029 811 1056 Otto
825 1029 884 1063 pbri
899 1031 927 1056 et
940 1030 984 1056 mi.
1016 1029 1174 1056 Leonardus
1191 1029 1254 1056 abb.
1269 1029 1298 1055 in
1314 1029 1500 1062 Formbach.⁵)
1537 1029 1665 1055 Urbanus
1678 1029 1808 1061 Airesser,
1822 1029 1905 1056 vitus

610 1073 733 1099 Leclmer
756 1072 817 1106 pbri
838 1075 866 1099 et
886 1073 944 1099 cani
964 1072 993 1098 in
1012 1073 1175 1100 Novacella.
1213 1073 1253 1107 [P.
1269 1073 1405 1106 Casparus
1425 1071 1581 1098 Blasnicius
1603 1072 1632 1098 in
1652 1072 1731 1099 Seon.
1766 1072 1905 1099 Matthias

609 1115 691 1141 Dillis
705 1124 746 1142 ον.
758 1115 930 1142 Cremifanii.
962 1116 990 1142 P.
1002 1116 1143 1150 Rupertus
1157 1116 1266 1143 Stadler
1279 1116 1315 1142 ad
1327 1116 1384 1142 Sum
1397 1116 1518 1143 Petrum.
1550 1115 1579 1141 P.
1590 1115 1779 1142 Ferdinandus
1793 1116 1906 1143 Molitor

610 1157 842 1191 Cremifanensis.]

560 1201 691 1234 Rappoto
716 1201 742 1226 ni
766 1201 846 1227 monii
870 1201 958 1233 abb.·³)
1000 1201 1078 1228 Ebbo
1103 1202 1166 1227 abb.
1176 1202 1196 1234 ³)
1241 1201 1357 1228 Ioannes
1382 1201 1501 1228 Erlbeck
1528 1201 1591 1228 abb.
1614 1201 1643 1227 in
1670 1201 1906 1235 Obernaltaich.⁷)

610 1244 734 1270 Andreas
756 1252 815 1269 can.
833 1244 869 1270 ad
888 1243 943 1269 Sum
964 1244 1120 1270 Nicolaum.
1157 1244 1282 1270 Andreas
1301 1244 1372 1270 diac.
1391 1244 1504 1270 ibidem.
1542 1244 1581 1277 [P.
1595 1244 1811 1278 Christophorus
1831 1245 1905 1271 Hiibl

609 1287 645 1312 ad
668 1286 724 1313 Sum
749 1287 870 1313 Petrum.
911 1287 1102 1313 Ferdinandus
1125 1286 1247 1313 Soliienk
1272 1286 1492 1313 Cremifanensis.
1535 1286 1577 1313 Fr.
1595 1287 1717 1314 Michael
1742 1287 1908 1314 Obermiller

609 1329 636 1355 in
664 1330 790 1356 Garsten.
835 1330 952 1356 Iacobus
980 1330 1073 1357 Possel
1106 1329 1224 1356 donatus
1252 1330 1287 1355 ad
1315 1330 1371 1355 Sum
1395 1330 1577 1356 Emer-amum.
1626 1331 1705 1356 Anna
1732 1330 1905 1363 Neumayrin

611 1372 719 1398 smonlis
738 1372 767 1397 in
786 1372 932 1406 Kiebach]

560 1415 702 1442 Conradus
722 1415 781 1449 pbr.
796 1417 824 1442 et
843 1425 877 1442 m.
891 1416 920 1442 in
934 1416 1049 1442 Metten.
1079 1416 1265 1450 Wolfgangus
1282 1415 1345 1441 abb.
1359 1416 1395 1442 ad
1407 1415 1464 1441 Sum
1478 1416 1624 1448 Petrum.⁸)
1656 1416 1696 1449 [P.
1711 1415 1858 1442 Udalricus
1877 1416 1905 1442 in

610 1459 681 1484 Attl.
718 1458 866 1493 Gregorius
885 1459 946 1492 pbr.
960 1461 989 1485 et
1007 1468 1043 1485 m.
1057 1459 1084 1485 in
1099 1459 1308 1486 Obernaltaieh.
1345 1459 1377 1486 D.
1391 1459 1503 1485 Gabriel
1516 1459 1652 1492 Dornera)
1670 1459 1697 1485 n'1
1716 1460 1797 1485 monii
1817 1460 1906 1493 abb.¹¹)

610 1502 745 1536 Georgius
760 1502 847 1528 Norer
860 1502 920 1536 pbr.
932 1505 960 1529 et
972 1512 1007 1528 m.
1020 1503 1055 1528 ad
1069 1503 1126 1528 Suu·
1137 1502 1258 1528 Petrum.
1286 1502 1316 1528 P.
1328 1501 1482 1536 Leopoldus
1496 1501 1615 1528 Hofman
1628 1502 1656 1528 in
1670 1502 1906 1536 SeittenstettenJ

559 1545 637 1579 Egno
662 1545 750 1578 abb.³>
792 1545 898 1579 Caspar
917 1546 990 1572 Auer
1013 1554 1072 1571 can.
1095 1545 1123 1571 in
1143 1545 1351 1579 Reicliersperg.
1393 1545 1516 1571 Adamus
1535 1545 1693 1579 Gunzinger
1715 1546 1774 1579 pbr.
1794 1547 1823 1572 et
1846 1554 1905 1572 cau.

610 1587 722 1614 ibidem.
766 1588 806 1622 [P.
827 1588 974 1623 Gregorius
992 1588 1075 1614 Sutor
1096 1587 1171 1622 prior
1195 1588 1223 1614 in
1241 1588 1312 1614 Attl.
1354 1588 1476 1614 Michael
1500 1597 1541 1614 cv.
1560 1588 1596 1614 ad
1617 1588 1674 1614 Sum
1694 1588 1905 1616 Emmeramum.

608 1631 790 1657 Sebastianus
815 1632 927 1658 Stetner
954 1632 1030 1665 prior
1058 1631 1085 1657 in
1108 1631 1359 1665 Weihenstephan.
1407 1631 1434 1657 P.
1456 1631 1577 1657 Michael
1602 1631 1758 1664 Dietlmayr
1786 1631 1822 1658 ad
1847 1631 1905 1658 Sum

607 1674 749 1700 Zenonem.
792 1674 978 1709 Wolfgangus
1005 1674 1176 1700 Piliehseder
1204 1674 1264 1707 pbr.
1288 1676 1316 1700 et
1344 1682 1403 1699 can.
1426 1673 1454 1699 in
1479 1673 1580 1700 Suben.
1626 1674 1654 1700 P.
1672 1674 1905 1701 Bartholomaeus

608 1717 702 1743 Waibl
723 1716 751 1742 in
771 1716 900 1750 Scheyrn.
939 1717 1125 1749 Hieronymus
1138 1716 1252 1743 Molitor
1271 1716 1330 1750 pbr.
1346 1718 1373 1742 et
1393 1725 1452 1743 can.
1466 1716 1493 1742 in
1508 1716 1658 1744 Chiemsee.
1694 1716 1724 1743 P.
1739 1716 1905 1744 Laurentius

608 1759 725 1794 Kerling
743 1760 834 1786 senior
853 1760 888 1786 ad
908 1760 964 1786 Sum
983 1760 1178 1793 Salvator-em]

561 1802 708 1829 Udalricus
726 1803 785 1836 pbr.
800 1805 828 1829 et
842 1812 876 1829 m.
908 1803 1075 1829 Adelbertus
1088 1812 1123 1829 m.
1157 1803 1270 1829 Maurus
1284 1803 1343 1836 pbr.
1358 1805 1386 1829 et
1399 1812 1434 1829 m.
1448 1802 1476 1828 in
1488 1802 1736 1836 Weihenstephan.
1769 1801 1808 1836 [P.
1823 1802 1905 1828 Fran-

609 1845 697 1872 ciscus
712 1846 816 1872 Cancer
833 1846 861 1872 in
874 1846 953 1872 Seon.
987 1847 1104 1873 Iacobus
1118 1846 1236 1872 Polaeus
1253 1846 1313 1879 pbr.
1326 1847 1355 1872 et
1368 1854 1429 1872 can.
1443 1846 1478 1872 ad
1492 1845 1548 1871 Sum
1562 1845 1717 1872 Nicolaum.
1749 1845 1778 1871 P.
1789 1845 1906 1871 Ioannes

608 1888 804 1915 Dattenrieder
818 1889 845 1914 in
861 1889 1042 1915 Osterhoven.
1075 1889 1178 1915 Paulus
1192 1889 1400 1915 Haunestorffer
1417 1889 1478 1922 pbr.
1492 1890 1520 1914 et
1533 1897 1568 1914 m.
1582 1888 1612 1914 in
1625 1888 1740 1915 Metten.
1772 1888 1799 1913 P.
1812 1887 1904 1914 Willi-

609 1931 708 1958 baldus
726 1932 824 1958 Scriba
843 1941 867 1958 n.
887 1941 909 1958 c.
928 1941 965 1958 m.
1005 1932 1034 1958 P.
1051 1932 1206 1958 Bernardus
1226 1931 1378 1965 Kimpfler,
1403 1941 1430 1965 p.
1445 1931 1588 1957 Amandus
1607 1931 1725 1958 Probost
1743 1932 1779 1957 mi
1798 1930 1904 1957 Burani

608 1978 635 2000 et
656 1983 682 2007 p.
698 1975 886 2009 wolfgangus
906 1975 1054 2008 Ruedolph
1074 1975 1107 2001 de
1125 1975 1380 2008 Weihenstephan:
1404 1974 1434 2000 hi
1453 1977 1509 2000 tres
1527 1974 1607 2000 ruina
1626 1974 1728 2001 montis
1747 1974 1903 2008 Salisburgi

609 2017 733 2050 oppressi
756 2019 830 2044 1669.
868 2018 1009 2052 Rupertus
1028 2018 1184 2044 Seebacher
1203 2017 1262 2052 pbr.
1276 2020 1305 2044 et
1324 2027 1359 2044 m.
1374 2018 1409 2043 ad
1428 2017 1484 2043 Sum
1504 2017 1635 2050 Petrum]

560 2059 738 2090 Adelbertus,
765 2060 917 2094 ‹in-tolphus
942 2061 990 2086 cvi.
1033 2060 1166 2091 Petrissa,
1194 2061 1286 2087 Ieutta
1312 2066 1366 2086 eve.
1409 2060 1449 2094 [P.
1464 2060 1608 2086 Oswaldus
1632 2060 1661 2086 in
1680 2059 1905 2086 Nidernaltaich.

610 2102 730 2128 Thomas
757 2103 816 2136 pbr.
837 2107 865 2130 et
891 2112 950 2129 cau.
973 2103 1009 2129 acl
1033 2103 1089 2129 Sum
1110 2104 1253 2130 Zenonem.
1292 2103 1476 2137 wolfgangus
1502 2105 1530 2129 et
1553 2103 1656 2129 Paulus
1681 2103 1722 2128 cvi
1749 2102 1776 2128 in
1800 2102 1903 2129 Obern-

610 2146 725 2171 altaich.
767 2146 798 2172 D.
817 2146 951 2180 Georgius
977 2146 1069 2172 Greiss
1093 2146 1156 2172 abb.
1176 2146 1205 2172 in
1224 2146 1441 2179 Osterhoveuffl)
1482 2146 1603 2172 Michael
1623 2146 1702 2179 Mayr
1725 2147 1754 2172 et
1772 2145 1905 2172 Ernestus

610 2188 769 2221 Stadlmayr
788 2189 847 2222 pbri
867 2191 896 2215 et
915 2190 975 2215 cani
995 2189 1107 2216 ibidem.
1145 2189 1362 2223 Christophorus
1382 2190 1442 2223 pbr.
1462 2192 1490 2216 et
1514 2198 1573 2216 can.
1591 2190 1619 2216 in
1638 2189 1769 2223 Weyarn.
1808 2189 1836 2215 P.
1850 2189 1904 2216 Ro-

611 2231 738 2256 mualdus
757 2231 844 2257 Viehr
867 2232 894 2257 in
915 2232 1138 2258 Cremsmunster.
1177 2232 1205 2258 P.
1224 2232 1363 2258 Romanus
1383 2233 1600 2259 Gelsenkirehen
1623 2232 1652 2258 in
1672 2232 1822 2266 Lampach.
1860 2232 1903 2258 Fr.

614 2273 758 2299 Udalricus
778 2274 873 2300 Uli-ich
894 2275 921 2300 in
939 2275 1081 2308 Schema]

559 2315 735 2341 Eberliardus
755 2326 810 2350 eps.
830 2317 1088 2351 Bambe1·gensis.¹¹)
1130 2318 1170 2351 [P.
1185 2317 1278 2344 Simon
1301 2317 1361 2351 pbr.
1382 2319 1409 2343 et
1435 2326 1470 2343 m.
1489 2317 1517 2342 in
1538 2317 1746 2344 Obernalt-aich.
1786 2317 1903 2344 Ioannes

610 2358 669 2391 pbr.
690 2361 718 2385 et
742 2369 775 2385 in.
819 2360 862 2385 Fr.
882 2360 1012 2386 Albertus
1035 2361 1159 2387 subdiac.
1204 2361 1233 2387 P.
1252 2361 1364 2386 Maurus
1386 2360 1548 2394 Wattinger
1571 2359 1600 2385 in
1624 2360 1700 2386 Rott.
1737 2360 1904 2387 Valentinus

612 2401 731 2427 Brittner
750 2402 807 2428 dec.
822 2402 850 2427 in
864 2402 946 2428 Rohr.
984 2403 1099 2429 Ioannes
1120 2403 1246 2430 Roselius
1266 2405 1293 2430 et
1308 2403 1389 2429 Vitus
1403 2402 1540 2429 Sar-torius
1559 2403 1619 2436 pbri
1638 2404 1667 2429 et
1686 2403 1745 2429 eani
1764 2403 1791 2428 iu
1806 2403 1902 2429 Wind-

612 2444 685 2477 berg.
719 2444 747 2470 P.
765 2445 930 2471 Benedictus
944 2446 1033 2472 Faber
1052 2447 1079 2472 in
1093 2446 1280 2473 Mallerstorff.
1314 2446 1341 2472 P.
1353 2446 1511 2472 Bonifacius
1526 2445 1635 2472 Danner
1654 2446 1689 2471 ad
1703 2446 1757 2471 Sum
1772 2446 1903 2479 Petrum]

353 2544 376 2573 ³)
399 2542 431 2566 In
450 2543 564 2574 maryine
584 2551 661 2567 mam(
678 2545 817 2575 possen-fori
835 2551 869 2570 est
889 2547 1018 2571 aclcliezrm:
1040 2550 1112 2572 1575.

357 2614 375 2645 ¹)
398 2612 441 2638 Ob.
455 2622 480 2639 α.
492 2616 568 2639 1586.
659 2617 678 2647 ²)
700 2615 744 2641 Ob.
756 2625 782 2642 ιι.
794 2620 868 2642 16οᾰ
958 2619 978 2644 3)
998 2618 1043 2643 Ad
1055 2627 1128 2651 quem.
1142 2618 1312 2652 referendum
1325 2618 1368 2650 sit,
1382 2617 1493 2643 dubium
1505 2620 1548 2643 est.
1639 2618 1658 2649 ⁴)
1680 2616 1724 2642 Ob.
1738 2625 1778 2643 ca.
1789 2626 1814 2643 (ι,
1827 2620 1902 2643 1496,

251 2656 271 2686 ⁵)
294 2655 339 2680 Ob.
353 2664 377 2680 a.
397 2659 467 2681 1572.

250 2705 275 2722 a.
290 2702 365 2724 1575.

575 2659 593 2688 Ε)
616 2657 660 2683 (Λ).
674 2667 698 2683 ιι.
714 2662 789 2684 1221.
896 2661 916 2691 Ἴ)
941 2660 984 2685 Οὐ.
999 2670 1023 2686 α.
1039 2664 1118 2687 1482.
1218 2664 1238 2692 ⁸)
1260 2661 1305 2688 Ob.
1319 2670 1343 2687 α.
1360 2664 1436 2693 1513,
1456 2660 1510 2686 dies
1528 2668 1583 2685 non
1601 2662 1712 2685 constat.
1814 2662 1834 2693 ”)
1859 2659 1902 2686 Ob.

475 2700 507 2729 ¹⁰)
531 2699 576 2725 Ob.
590 2708 613 2725 a.
633 2704 706 2725 1630.
816 2702 848 2733 Η)
869 2701 1044 2728 Elam-hardus
1063 2704 1110 2735 IL,
1131 2705 1257 2730 οἶι.11ῖ·-).
