2054 2948
246 90 308 127 350
857 82 1040 109 DIOECESIS
1060 81 1279 108 LENTIENSIS.

247 173 329 203 stain
358 172 431 202 olim
461 181 513 201 ux.
540 174 571 200 et
594 170 689 200 vidua
714 170 782 200 eius
805 169 917 200 relicta
944 179 1001 210 pro
1026 168 1128 198 salute
1155 178 1211 197 sua
1236 169 1332 207 atque
1356 165 1473 206 prefati
1495 165 1534 196 Di
1558 164 1697 196 Oonradi
1721 165 1761 196 de
1785 165 1893 197 Hurn-

245 224 331 254 haim
369 223 442 253 huic
481 227 514 252 11⁰
545 221 681 261 collegio
722 224 734 251 1
766 231 910 251 mansum
952 220 1017 250 sive
1047 219 1164 249 curiam
1199 217 1344 257 contulit,
1378 226 1439 257 que
1474 217 1506 246 in
1542 216 1711 257 parrochia
1747 216 1894 248 Tfilhaim

247 275 364 304 situata
388 276 436 303 est
466 276 497 303 ct
520 282 651 303 nomen:
676 283 713 302 zu
737 271 799 302 den
822 270 1009 302 Mairhoven
1034 270 1150 300 existit.
1196 268 1300 298 Huius
1323 268 1408 298 enim
1432 267 1519 298 curie
1539 267 1686 298 >annualis
1710 277 1822 298 census
1846 272 1895 299 est

245 327 285 355 40
310 327 445 355 metrete
470 324 603 364 siliginis
628 326 724 363 atque
750 324 789 353 48
814 325 949 353 metrete
974 331 1075 351 avene
1100 323 1132 350 et
1160 321 1195 349 12
1219 322 1236 355 β
1255 322 1279 355 ᾧ.
1319 318 1390 354 Qua
1413 318 1444 348 in
1467 328 1501 348 re
1524 328 1582 348 nos
1599 317 1746 349 Urbanus
1770 318 1839 350 dec.
1862 322 1895 350 et

246 376 419 416 capitulum
444 374 474 406 h.
493 374 581 405 ecclic
600 374 633 404 be
648 374 778 414 virginis
802 376 861 404 etc.
880 372 1093 403 concessimus
1118 373 1150 401 et
1174 369 1378 401 concedimus
1397 380 1456 410 per
1470 370 1594 400 litteras
1610 380 1667 410 per
1683 380 1740 401 nos
1757 370 1895 411 desuper

245 426 336 456 datas
355 436 395 456 ex
412 425 544 466 prefatis
561 426 655 455 certis
679 428 710 455 et
727 424 830 455 causis
847 423 1012 463 legittimis
1032 421 1202 452 antedictis
1218 420 1262 451 D⁰
1276 420 1424 451 Conrado
1442 420 1482 451 de
1498 420 1678 452 Hurnhaim
1699 431 1736 452 ac
1751 421 1795 452 De
1807 422 1893 452 Mar-

244 476 381 518 garethe
407 479 466 507 etc.
491 476 632 506 annivium
657 478 848 516 perpetuum
874 476 891 504 3
909 473 1021 504 diebus
1045 471 1263 512 immediatae)
1288 474 1361 502 ante
1385 471 1436 502 vel
1460 475 1533 512 post
1556 471 1640 502 diem
1664 474 1895 513 assumpcionis

244 528 348 558 Mai-ie
365 527 494 567 virginis
512 527 650 567 gloriose
676 526 839 556 annuatim
862 526 893 555 in
911 524 996 555 dicta
1019 529 1053 554 11ἃ
1070 522 1358 554 malefaciendum
1381 526 1414 554 et
1437 522 1665 554 celebrandum
1688 533 1776 554 more
1801 524 1894 554 solito

245 579 284 609 de
313 589 383 610 sero
409 589 480 609 cum
503 577 634 618 vigiliis3
659 577 719 607 hiis
743 576 782 607 D.
805 577 884 615 (100,,
910 586 1019 606 omnes
1044 574 1112 605 cani
1137 578 1169 605 et
1193 574 1260 615 capi
1283 575 1437 605 interesse
1462 573 1581 605 debent
1610 578 1643 605 et
1670 574 1720 605 die
1749 575 1895 615 sequenti

244 630 342 660 missa
371 629 411 659 de
435 629 578 669 requiem
604 628 724 658 cantari
757 631 790 657 et
814 627 913 658 eciam
938 627 977 656 D.
996 626 1064 656 dec.
1090 629 1122 656 et
1150 625 1249 656 ceteri
1273 625 1341 655 cani
1363 625 1475 656 missas
1504 625 1612 666 legere
1644 629 1676 657 et
1704 627 1894 657 memoriam

245 691 316 711 cum
340 680 475 710 collecta
493 680 689 719 prefatarum
708 679 884 709 animarum
902 677 1020 708 habere
1039 676 1167 707 debent.
1202 677 1255 707 Ad
1277 676 1337 707 hoc
1354 676 1536 707 faciendum
1559 687 1616 707 nos
1641 680 1672 707 et
1695 687 1895 708 successores

243 736 289 761 n⁰S
313 731 398 761 bona
424 730 486 760 fide
512 733 543 760 et
568 730 763 759 discrecione
788 728 1000 769 obligavimus
1025 731 1057 758 et
1080 728 1294 758 astrinximus.
1334 727 1377 758 Ut
1401 730 1508 758 autem
1531 727 1571 758 Di
1594 728 1662 759 cani
1686 731 1718 758 et
1741 727 1809 769 capi
1832 728 1894 759 1100

242 781 283 812 ad
308 781 537 822 perficiendum
562 781 664 821 inagis
688 780 815 810 solliciti
839 783 871 810 et
895 779 1065 821 diligentes
1089 780 1163 813 sint.
1189 778 1407 820 capitulariter
1433 779 1681 810 determinatum
1706 782 1767 819 est,
1795 782 1830 810 ut
1854 779 1893 811 de

242 832 461 863 communibus
493 832 656 872 perceptis
685 834 717 861 et
745 831 899 861 fructibus
922 831 1015 861 huius
1045 830 1157 861 domus
1185 830 1334 871 aliqualis
1364 830 1524 870 pietancia
1551 831 1582 860 in
1606 830 1740 871 panibus
1764 831 1895 861 triticeis

243 886 275 913 et
299 888 376 923 potu
402 883 534 923 speciali
557 893 614 923 pro
637 881 689 912 Dis
714 885 745 913 et
769 882 849 922 0οΡἰὲῖ
872 883 905 912 111
928 881 1099 913 refectorio
1124 885 1196 912 tunc
1220 882 1373 921 temporis
1397 881 1500 912 detur.

344 934 386 964 D.
401 934 570 974 Philippus
587 933 702 963 Plickh
720 933 778 963 hos
802 933 997 974 subscriptos
1021 932 1164 963 redditus
1181 933 1378 974 comparavit
1402 942 1439 963 ea
1460 932 1656 971 condicione,
1680 936 1714 963 ut
1731 933 1894 963 annuatim

242 996 300 1025 per
324 985 606 1025 quadragesimam
631 983 724 1014 Salve
749 983 876 1025 Regina
903 985 934 1014 in
958 984 1083 1025 capella
1108 984 1130 1013 si
1153 983 1298 1014 Hainrici
1321 994 1378 1025 pro
1403 984 1505 1014 salute
1529 984 1634 1014 anime
1658 993 1714 1014 sue
1739 986 1893 1014 cantetur.

241 1035 303 1066 Hic
328 1037 378 1066 ob.
397 1047 446 1066 ao.
470 1038 564 1071 14533
589 1035 646 1066 sub
671 1035 778 1076 lapide
803 1036 903 1066 tercio
928 1036 1082 1076 sepultus

345 1087 381 1117 In
412 1087 580 1127 parrochia
604 1086 735 1127 Irninng
763 1086 914 1117 videlicet
944 1087 1075 1118 feudum
1107 1088 1194 1117 anfm
1221 1087 1321 1125 Reut,
1354 1087 1439 1128 quod
1466 1087 1605 1118 Michael
1634 1088 1697 1118 iam
1726 1086 1893 1125 inhabitat,

242 1138 336 1169 solvit
361 1139 523 1168 annuatim
550 1140 567 1168 9
587 1142 604 1173 β
630 1140 664 1168 12
685 1142 716 1177 ᾧ,
752 1139 828 1169 item
857 1138 1003 1179 feudum,
1032 1138 1118 1179 quod
1142 1138 1301 1170 [ohannes
1322 1139 1445 1169 Textor
1471 1138 1627 1179 possidet,
1660 1139 1754 1169 solvit
1777 1140 1794 1169 3
1819 1139 1893 1169 5011-

243 1189 299 1220 (105
326 1194 354 1226 ᾧ,
392 1190 468 1220 item
497 1189 629 1219 feudum
661 1189 779 1220 dictum
804 1190 891 1220 aufm
919 1190 1081 1230 Furtpach
1106 1190 1199 1220 solvit
1229 1192 1268 1221 80
1290 1195 1322 1226 ᾧ,
1347 1191 1448 1221 eciam
1478 1200 1536 1230 pro
1564 1190 1810 1220 honorificencia
1835 1192 1851 1220 7
1870 1194 1893 1226 ᾧ.

243 1240 293 1271 De
310 1241 437 1281 prefata
454 1241 590 1281 pecunia
606 1240 675 1270 dari
693 1240 813 1271 debent
835 1246 908 1271 can⁰
925 1244 980 1271 aut
1000 1246 1084 1282 cap0,
1111 1242 1163 1282 qui
1188 1241 1357 1271 collectam
1381 1240 1421 1272 ad
1445 1241 1564 1271 dictum
1582 1241 1676 1272 Salve
1700 1241 1778 1281 legit
1801 1243 1841 1272 60
1863 1246 1892 1279 ᾤ,

242 1292 448 1323 consimiliter
465 1292 631 1322 scolastico
650 1293 689 1322 60
708 1296 740 1331 0),
765 1292 941 1322 scolaribus
965 1294 1004 1324 20
1023 1296 1054 1331 ο),
1079 1293 1155 1323 item
1174 1293 1392 1332 campanatori
1417 1295 1456 1323 ‘20
1476 1297 1492 1329 a}
1513 1293 1615 1323 eciam
1639 1303 1695 1333 pro
1713 1292 1793 1323 libra
1809 1302 1892 1323 cere.

241 1343 384 1374 Residua
408 1345 542 1384 pecunia
567 1343 646 1373 canis
663 1343 871 1374 distribuatur
895 1355 951 1384 pro
976 1344 1080 1374 missis
1102 1343 1258 1384 legendis⁷
1282 1354 1339 1384 pro
1364 1343 1507 1384 qualibet
1534 1346 1570 1373 15
1590 1347 1606 1380 a>
1627 1344 1727 1384 quivis
1750 1343 1891 1374 habebit.

242 1395 293 1425 Ita
317 1395 478 1435 predictus
502 1394 540 1424 D.
559 1394 726 1435 Philippus
744 1394 911 1426 ordina-vit.
951 1395 1042 1425 Idem
1060 1395 1191 1426 cuilibet
1215 1400 1288 1425 can⁰
1309 1398 1342 1425 et
1358 1400 1432 1436 cap0
1459 1397 1471 1425 1
1492 1395 1648 1425 florenum
1666 1394 1892 1436 Ungaricalem

242 1446 369 1487 legavit.

346 1498 406 1527 Ao.
420 1497 458 1527 Di
479 1499 557 1528 mss
575 1497 641 1527 kal.
653 1497 735 1527 Iunii
752 1497 791 1528 D.
802 1498 989 1528 Leonardus
1003 1497 1082 1538 pb1·.,
1105 1508 1145 1528 m.
1159 1497 1240 1538 prof.
1256 1497 1347 1528 monii
1364 1498 1395 1527 in
1408 1497 1700 1536 Krembsmfinster,
1719 1497 1773 1528 cfr.
1787 1508 1827 1537 n.,
1842 1497 1892 1528 ob.

347 1549 407 1580 Ao.
424 1548 462 1578 Di
483 1550 561 1578 1453
586 1552 698 1589 quarto
720 1548 783 1578 kal.
810 1550 947 1589 Augusti
971 1560 1036 1580 rcV.
1054 1560 1084 1589 p.
1108 1548 1147 1579 D.
1166 1548 1370 1586 Benedictus
1395 1548 1468 1579 abb.
1491 1548 1583 1578 monii
1599 1548 1891 1589 Krembsmfiuster,

243 1599 299 1629 cfr.
317 1610 345 1629 n.
364 1599 414 1629 ob.

345 1650 404 1680 Ao.
422 1650 460 1680 Di
482 1653 558 1681 1457
577 1651 627 1681 ob.
646 1651 684 1681 D.
700 1651 877 1681 ieronimus
895 1651 979 1691 pbr..
1005 1662 1045 1681 m.
1070 1651 1151 1691 prof.
1165 1651 1256 1681 monii
1278 1650 1575 1689 Krembsmfinster,
1599 1650 1654 1681 cfr.
1672 1661 1715 1689 11.,
1742 1650 1793 1681 die
1815 1650 1889 1681 XII.

242 1702 359 1731 mensis
383 1701 559 1731 Februarii.

346 1753 404 1782 Ao.
423 1752 461 1782 Di
484 1754 561 1783 1439
587 1753 637 1783 dic
662 1753 786 1783 XVIII.
806 1754 941 1793 Augusti
967 1753 1017 1784 ob.
1034 1753 1073 1783 D.
1091 1753 1302 1794 wolfgangus
1319 1753 1472 1791 Zeehner,
1497 1763 1564 1783 can.
1580 1753 1611 1784 h.
1628 1753 1765 1794 collegii,
1790 1753 1892 1784 bonus

243 1806 353 1833 cantor
377 1806 409 1833 et
432 1804 567 1843 scriptor
590 1804 620 1833 h.
640 1804 679 1838 d..
704 1804 761 1834 sub
787 1809 900 1845 quarto
924 1804 1031 1845 lapide
1056 1805 1210 1844 sepultus.

346 1855 406 1884 Ao.
424 1854 461 1884 Di
483 1857 561 1885 1457
588 1855 638 1885 ob.
656 1855 695 1886 D.
714 1855 853 1886 Michael
878 1855 946 1896 pbr.
972 1859 1004 1885 et
1028 1866 1079 1893 nr,
1105 1855 1185 1896 prof.
1202 1855 1294 1885 monii
1317 1855 1555 1886 Lambacensis.

347 1906 405 1934 Ao.
425 1904 461 1934 Di
483 1907 562 1936 1489
588 1906 638 1936 ob.
657 1906 695 1937 D.
713 1907 879 1937 Conradus
902 1907 970 1947 pbr.
996 1911 1027 1937 ct
1051 1918 1103 1947 nr,
1128 1907 1209 1947 prof.
1227 1907 1319 1937 monii
1342 1907 1581 1941 Lambacensis,
1606 1906 1660 1937 cfr.
1679 1917 1707 1937 n.

346 1955 405 1985 Ao.
423 1955 461 1985 Di
482 1958 560 1987 1459
586 1957 637 1987 die
661 1958 733 1988 XX.
760 1959 876 1989 mensis
900 1958 1093 1988 Novembris
1117 1958 1166 1989 ob.
1192 1958 1390 1988 venerandus
1407 1959 1462 1997 vir,
1487 1958 1525 1988 D.
1544 1957 1690 1988 Andreas
1714 1968 1765 1988 am
1790 1957 1890 1997 Stain,

244 2005 494 2045 archidyaconus
527 2008 620 2039 Stirie
656 2009 798 2040 Marchie
827 2010 997 2049 inferioris,
1034 2009 1118 2050 pleb.
1150 2010 1180 2039 in
1211 2009 1395 2048 Gredwein,
1427 2010 1615 2040 secretarius
1645 2009 1820 2050 imperialis
1855 2019 1891 2040 ac

244 2066 312 2086 can.
329 2056 359 2086 11.
378 2057 514 2097 collegii,
539 2060 682 2099 sepultus
701 2060 848 2091 XVienne.

347 2108 405 2138 Ao.
425 2108 461 2137 Di
485 2111 564 2139 1490
594 2111 644 2141 die
674 2111 795 2141 XXVI.
822 2113 938 2142 mensis
962 2112 1073 2142 Marcii
1101 2112 1150 2142 ob.
1176 2112 1214 2142 D.
1233 2111 1380 2142 Andreas
1407 2111 1591 2142 Ernhauser
1622 2122 1700 2149 cair,
1725 2112 1830 2142 senior
1860 2111 1891 2141 h.

245 2158 382 2198 collegii,
407 2159 459 2199 qui
483 2160 589 2190 multis
613 2162 703 2191 annis
726 2163 757 2192 in
783 2163 887 2193 officio
906 2164 1093 2203 procuracie
1111 2163 1287 2202 desudavit,
1312 2164 1341 2193 in
1366 2163 1514 2203 cappella
1538 2163 1595 2193 sub
1619 2163 1726 2203 lapide
1751 2162 1890 2194 secundo

245 2209 396 2249 sepultus.
443 2210 532 2241 Idem
557 2212 724 2243 intestatus
749 2213 930 2253 decessitb)

348 2261 407 2290 Ao.
425 2260 463 2291 Di
485 2263 562 2291 1494»
588 2263 638 2293 die
665 2264 788 2294 decima
813 2266 930 2295 mensis
946 2265 1023 2295 Maii
1047 2265 1097 2296 ob.
1116 2265 1156 2295 D.
1175 2265 1344 2296 Oswaldus
1361 2265 1487 2305 WVeyss.
1511 2275 1579 2297 ean.
1605 2266 1678 2296 olim
1703 2265 1733 2296 h.
1751 2265 1889 2306 collegii,

245 2314 357 2350 postea
381 2322 459 2352 cap„
484 2314 625 2353 sepultus
649 2318 722 2345 ante
747 2316 847 2347 altare
872 2316 893 2346 si
918 2316 1062 2357 Spiritus.

348 2362 407 2394 Ac.
425 2363 463 2393 D‘l
484 2366 562 2394 1491>
587 2365 638 2396 die
656 2366 729 2396 VH.
755 2368 872 2397 mensis
901 2367 1006 2398 Martii
1036 2368 1085 2398 ob.
1109 2367 1147 2398 D.
1171 2368 1365 2402 Anthonius.
1400 2367 1470 2408 pbr.
1491 2378 1533 2398 m.
1554 2367 1585 2398 in
1614 2367 1889 2399 Krembmiinster.

348 2414 408 2443 Ao.
428 2413 464 2443 Di
486 2417 564 2444 1492
595 2416 718 2446 decima
744 2421 857 2448 octava
881 2418 931 2449 die
956 2420 1073 2449 mensis
1096 2419 1169 2449 Iulii
1193 2419 1245 2450 ob.
1263 2418 1301 2449 D.
1320 2419 1480 2449 Iohannes
1504 2418 1657 2457 Griesler,
1689 2418 1831 2459 sepultus
1859 2419 1890 2449 in

247 2464 369 2502 porticu
394 2464 450 2494 sub
474 2465 581 2505 lapide
607 2477 715 2497 versus
740 2469 972 2510 cimiteriunic),
997 2471 1049 2510 qui
1075 2470 1133 2500 fuit
1157 2470 1334 2501 sacellarius
1358 2470 1408 2500 hic
1433 2470 1523 2510 quasi
1547 2472 1586 2500 40
1611 2470 1709 2500 annis.

348 2515 407 2544 Ao.
426 2515 463 2545 Di
486 2519 562 2546 1402
589 2521 701 2557 quarta
726 2518 776 2548 die
802 2521 919 2550 mensis
935 2520 1126 2551 Novembris
1151 2521 1201 2552 ob.
1219 2521 1258 2551 D.
1277 2521 1428 2551 Albertus
1445 2520 1538 2560 GrOS,
1563 2531 1630 2551 can.
1648 2521 1677 2551 h.
1696 2520 1834 2561 collegii,
1859 2521 1891 2551 in

247 2564 371 2603 capella
395 2565 452 2595 sub
476 2567 619 2607 lapided)
644 2568 683 2598 ab
708 2569 799 2599 altari
824 2572 921 2610 priori
949 2572 1090 2602 secundo
1119 2572 1277 2612 sepultus,
1307 2572 1359 2612 qui
1389 2572 1509 2613 legavit
1533 2571 1662 2602 cuilibet
1692 2577 1766 2602 01111ο
1792 2574 1805 2602 1
1832 2572 1890 2602 110-

352 2658 374 2687 ³)
401 2658 453 2682 Vox
472 2660 495 2683 in
518 2661 631 2691 momine
650 2663 748 2686 adiecta
768 2668 810 2687 est.
938 2664 961 2696 1’)
983 2665 1105 2696 Sequitur
1124 2674 1228 2690 rasura.
1354 2665 1376 2697 c)
1399 2665 1508 2697 Sequens
1526 2670 1598 2690 nota:
1618 2666 1661 2697 qui
1680 2666 1855 2690 fuit—aunis
1873 2674 1890 2689 a

247 2708 326 2723 manu
351 2702 467 2732 temporis
492 2703 660 2733 suhssqzaentis
684 2705 784 2729 adiecta
805 2711 847 2730 est.
987 2706 1011 2738 (¹)
1038 2708 1186 2739 Sequentia..-
1213 2709 1246 2732 ab
1271 2709 1345 2732 altari
1372 2709 1449 2740 priori
1480 2716 1557 2740 super
1578 2709 1647 2732 linea
1669 2708 1801 2739 adscripta
1824 2712 1889 2732 mem.

1924 380 1935 398 5

1913 634 1938 653 10

1913 891 1938 909 15

1913 1151 1938 1170 20

1912 1406 1936 1425 25

1910 1662 1935 1681 30

1909 1918 1933 1937 35

1909 2174 1934 2192 40

1909 2430 1933 2448 45
