2054 2948
260 90 321 119 376
870 80 1051 107 DIOECESIS
1070 78 1291 105 LENTIENSIS.

619 169 695 199 item
712 167 885 198 violatores
901 166 1024 197 dierum
1045 165 1267 205 solempffium,
1292 163 1399 194 omnia
1415 162 1560 203 predicta
1583 162 1613 192 in
1631 161 1758 192 domino
1782 162 1906 192 miseri-

621 219 760 250 corditer
775 218 974 253 relaxantur;
998 218 1076 247 item
1093 226 1144 246 res
1160 215 1245 246 male
1263 215 1387 255 quesite
1405 218 1437 244 et
1452 214 1590 247 invente.
1615 213 1640 242 si
1656 213 1815 243 nesciatur
1838 213 1907 253 qui-

620 270 742 310 libetss).
755 268 917 300 reddende
931 269 992 298 sint
1002 267 1146 308 predicte
1160 266 1259 305 eecl³⁰‚
1273 265 1393 296 debent
1405 264 1569 305 assigna-ri.
1598 263 1729 294 Summa
1740 263 1907 304 indulgen-

624 322 757 352 ciarum:
790 322 829 351 36
858 320 995 350 kari-ene
1032 321 1063 349 et
1098 321 1146 348 tot
1175 317 1274 347 annis.
1332 315 1464 346 Summa
1498 315 1681 345 missarum:
1717 315 1777 345 tria
1810 314 1908 353 milia,

623 382 756 413 quarum
779 371 919 402 omnium
944 370 1027 400 dicte
1051 369 1172 399 fabrice
1196 378 1308 398 manus
1326 366 1497 397 adiutrices
1521 366 1721 406 porrigentes
1738 365 1910 406 participes

623 423 811 454 efficiuntur.
865 421 1020 452 Collectio
1052 420 1144 450 durat
1174 429 1232 459 per
1265 418 1554 459 quadragesimam.
1607 417 1738 447 Interim
1766 426 1830 446 non
1853 416 1910 446 ad-

624 475 758 505 mittitur
774 473 889 514 aliquis
906 473 986 502 alius
1003 472 1165 502 collector.
1209 470 1345 510 Insuper
1362 469 1579 499 sanctissimus
1600 479 1629 508 p.
1648 471 1680 498 et
1696 467 1735 498 D.
1761 468 1799 498 D.
1812 468 1910 498 Boni-

622 526 717 556 fatius
734 535 833 554 nonus
857 534 941 564 papa
957 522 1128 553 modernus
1145 521 1291 551 omnibus
1316 523 1347 551 et
1363 519 1494 560 singulis
1510 519 1769 550 benefactoribus
1791 519 1910 550 fabrice

624 577 713 607 ecelie
747 575 890 616 predicte
926 577 943 604 5
979 584 1078 604 annos
1112 583 1183 603 eum
1218 572 1353 603 totidem
1389 571 1602 612 quadragenis
1636 570 1910 611 indulgenciarum

622 627 736 658 litteris
760 627 823 657 suis
840 625 1023 666 apostolicis
1046 624 1170 654 noviter
1189 624 1334 664 graciose
1358 623 1390 653 in
1413 625 1605 663 perpetuum
1630 623 1795 652 concessit.
1841 621 1913 652 Hec

624 682 696 709 sunt
716 677 918 717 indulgencie
944 687 962 706 a
979 675 1215 706 venerabilibus
1232 674 1375 715 patribus
1398 674 1521 704 indulte
1546 677 1578 705 et
1600 684 1748 704 concesse
1766 673 1912 704 omnibus

627 733 659 760 et
689 729 821 769 singulis
845 727 1104 758 benefactoribus
1131 725 1299 766 hospitalis
1328 736 1410 756 nove
1435 725 1571 756 civitatis
1594 725 1625 755 in
1651 725 1777 755 KVelsa:
1809 725 1911 765 primo

628 792 646 811 a
664 780 788 811 duobus
805 779 989 820 apostolicis
1006 789 1025 808 a
1042 777 1186 818 quolibet
1203 788 1312 808 eorum
1331 778 1501 817 septimam
1520 779 1645 817 partem
1661 777 1800 807 iniuncte
1824 776 1913 817 peni-

625 832 746 867 tencie3
775 832 851 861 item
879 832 917 860 24
944 830 1016 860 anni
1049 829 1184 859 instituti
1215 829 1337 865 ieiunii;
1371 829 1447 859 item
1473 839 1491 858 a
1515 830 1554 858 44
1580 827 1730 868 archiepis
1755 830 1787 858 et
1811 827 1871 867 epig
1896 838 1914 857 a

627 883 771 924 quolibet
793 893 904 913 eorum
921 883 961 912 -10
979 881 1047 912 dies
1064 880 1275 911 criminalium
1297 883 1328 910 et
1348 882 1406 911 100
1424 879 1595 910 venialium
1617 889 1687 909 cum
1707 881 1744 909 44
1759 878 1913 909 karrenis.

627 934 758 965 Summa
772 934 866 963 huius
880 932 1082 973 indulgencie
1097 935 1157 962 est:
1182 934 1261 963 1000
1273 931 1341 962 dies
1354 931 1566 961 criminalium
1585 933 1617 961 et
1630 930 1693 960 duo
1707 930 1795 960 milia
1806 930 1916 961 venia-

627 986 714 1021 lium.
736 986 812 1015 item
838 987 876 1014 50
894 984 989 1014 misse
1008 983 1047 1014 de
1072 983 1108 1013 ba
1124 983 1245 1024 virgine
1271 986 1303 1013 et
1318 985 1358 1013 50
1383 982 1422 1012 de
1448 987 1476 1012 s⁰
1493 982 1633 1012 Antonio
1652 984 1683 1012 et
1707 984 1746 1012 50
1762 982 1858 1012 misse
1877 981 1916 1012 de

627 1041 655 1066 sn
678 1035 870 1076 Elyzabeth.
902 1036 933 1065 in
958 1045 1091 1075 quorum
1119 1034 1273 1064 honorem
1297 1037 1479 1064 sanctorum
1508 1036 1556 1063 est
1584 1033 1768 1064 dedicatum
1798 1033 1917 1063 dictum

628 1087 797 1127 hospitale.

389 1143 424 1169 id.
491 1142 530 1168 13.
578 1137 669 1169 Otto
708 1138 870 1169 famulus
906 1138 1046 1168 domus.
1121 1137 1337 1177 Phylippus
1376 1136 1444 1166 auf
1480 1136 1563 1166 dem
1604 1136 1696 1167 Ekk.
1762 1125 1919 1168 Dlrieus

629 1190 907 1220 eclesiastieus.
970 1189 1051 1219 Item
1091 1188 1234 1218 Andreas
1274 1191 1306 1218 et
1340 1188 1481 1217 omnium
1520 1187 1795 1228 (antecessorum).
1858 1187 1918 1219 Ob.

626 1240 805 1281 Elyzabeth
829 1240 963 1281 Tiigynn
988 1240 1044 1270 des
1068 1239 1223 1270 Heinrich
1247 1238 1436 1269 Zawnfuehs
1460 1239 1575 1280 swiger
1598 1249 1647 1269 ao.
1665 1239 1703 1269 Di
1724 1241 1813 1270 1427.

307 1296 379 1322 XIX.
393 1297 448 1322 kal.
496 1297 534 1323 14.
580 1292 662 1323 Item
687 1292 777 1322 Hans
802 1291 950 1322 Leehner
974 1290 1160 1332 portulanus
1183 1290 1234 1320 hic
1259 1300 1307 1320 ao.
1330 1292 1420 1320 1467.

279 1348 379 1374 XVIII.
392 1348 448 1373 kal.
496 1349 534 1374 15.
580 1344 733 1374 Martini
757 1343 875 1383 Vogel
906 1354 949 1373 an
982 1342 1047 1372 der
1078 1342 1160 1372 val
1192 1341 1245 1371 ob.
1298 1342 1358 1371 Ao.
1384 1340 1420 1371 Di
1452 1343 1528 1371 1474
1554 1341 1613 1371 hae
1643 1342 1693 1372 die
1722 1342 1810 1372 finita
1842 1352 1920 1372 cena

632 1395 681 1425 ob.
706 1395 745 1425 D.
771 1394 911 1424 Thomas
945 1394 1078 1424 Helfusz
1114 1393 1152 1423 de
1182 1393 1402 1427 Hawszental.
1439 1403 1505 1423 can.
1530 1393 1560 1423 h.
1588 1393 1713 1433 collegii
1745 1393 1778 1423 be
1807 1393 1919 1424 Mai-ie.

630 1445 844 1486 Uldalrieusb)
869 1445 998 1475 Renner
1022 1445 1091 1475 nive
1118 1444 1248 1474 obrutus
1274 1444 1322 1474 ob.
1345 1444 1464 1484 147:;.⁰)

294 1501 380 1527 XVII.
394 1501 449 1527 kal.
497 1501 535 1527 16.
581 1497 803 1527 Mariehardus
829 1496 969 1526 Claudiis
994 1496 1043 1526 ob.

311 1552 452 1578 XV1.k-.11.
500 1552 538 1577 17.
586 1548 790 1578 Hainrieus
829 1558 920 1588 puer
956 1547 1020 1577 auf
1057 1547 1139 1577 dem
1176 1546 1300 1577 Obern
1335 1547 1459 1577 Prunt.
1526 1547 1643 1577 Ursule
1684 1548 1787 1587 neptis
1823 1548 1923 1578 Koler

634 1599 684 1629 ob.
705 1599 824 1639 <uber

325 1656 382 1682 XV.
395 1656 451 1682 kal.
499 1654 536 1681 18.
584 1650 647 1681 Ob.
661 1650 749 1681 Otto
763 1650 937 1680 Herrant.
964 1649 1213 1690 Kunegundis
1228 1661 1283 1679 ux.
1295 1660 1370 1680 sua.
1404 1649 1462 1680 Ob.
1474 1649 1633 1690 Georgius
1648 1650 1730 1680 filius
1746 1650 1920 1681 Comawsz.

307 1707 380 1732 XIV.
394 1707 449 1732 kal.
497 1707 536 1732 19.
583 1702 833 1733 Leonhardus
858 1701 924 1732 der
948 1701 1160 1741 Sneyderin
1186 1712 1262 1731 sun.
1321 1701 1379 1731 Ob.
1404 1701 1579 1732 NVernhart
1606 1701 1728 1742 Pynter
1758 1696 1923 1742 pfrfietndr

632 1753 693 1794 hye
718 1753 823 1783 (10.1)ἰ
844 1755 932 1784 1429.
980 1752 1039 1783 Ob.
1058 1753 1235 1783 Katherina
1259 1752 1421 1793 Ffilslynn.
1469 1752 1594 1783 Ulrieus
1618 1753 1753 1784 Pastler.

308 1808 452 1834 XHLkal.
498 1809 538 1834 20.
583 1805 734 1835 Ulricus
758 1804 1004 1844 Vogelhuber
1027 1804 1104 1845 pbr.

324 1860 384 1886 XII.
398 1860 453 1885 kal.
499 1860 539 1884 21.
586 1856 747 1886 Iacobus
772 1855 943 1887 Cholbel.
992 1855 1050 1886 Ob.
1076 1855 1254 1896 Elyzabeth
1279 1854 1456 1895 Syngerinn
1485 1856 1527 1885 im
1552 1855 1712 1886 Mfilbaeh.
1760 1855 1820 1886 Ob.
1838 1856 1923 1886 Mar-

634 1907 769 1947 garetha
793 1918 846 1937 uX.
864 1907 992 1947 Kyliani
1021 1908 1109 1937 1473.
1157 1906 1335 1947 Elyzabeth
1358 1906 1504 1946 Sporynn
1528 1916 1579 1937 am
1604 1905 1724 1936 Griezz.

335 1962 380 1987 XI.
395 1962 449 1987 kal.
494 1961 536 1988 2³2.
583 1959 792 1988 Leublinus
809 1958 1126 1988 famulusdoinus.
1163 1958 1390 1989 ObUlricus
1407 1957 1580 1993 Piiulser.
1606 1960 1714 1997 pater
1739 1957 1924 1998 Berngeri

635 2010 807 2051 hospitis.
854 2010 948 2040 Item
978 2013 1013 2040 et
1038 2010 1118 2040 fere
1148 2012 1233 2049 post
1258 2010 1275 2039 S
1301 2008 1381 2039 dies
1408 2012 1490 2049 post
1513 2009 1707 2039 Vincencii
1733 2009 1785 2039 ob.
1804 2013 1925 2040 mater

636 2061 715 2091 eius
733 2061 940 2102 Irmgardis
959 2064 993 2091 et
1016 2071 1124 2091 soror
1141 2062 1220 2092 eius
1237 2059 1440 2091 Elizabeth
1459 2063 1526 2090 ete.
1560 2059 1731 2090 Ob.1anns
1748 2070 1799 2090 am
1816 2059 1925 2090 Prunn

637 2113 704 2142 sine
729 2116 1001 2143 sacramentorum
1026 2113 1238 2154 pereepcione
1266 2113 1355 2142 1487.
1404 2112 1464 2143 Ao.
1488 2111 1526 2141 Di
1556 2113 1630 2142 1511
1659 2111 1708 2141 ob.
1730 2111 1926 2142 honorabilis

637 2163 676 2193 D.
698 2163 868 2194 Hainrieus
898 2163 1020 2199 Glfikh.
1051 2175 1117 2194 can.
1148 2164 1177 2193 h.
1201 2163 1300 2203 encre,
1329 2163 1472 2203 sepultus
1503 2162 1561 2192 sub
1590 2162 1730 2193 secundo
1759 2162 1866 2203 lapide
1894 2163 1925 2192 in

638 2214 762 2254 capella
786 2214 809 2244 si
825 2214 970 2244 Hainrici
994 2216 1023 2244 in
1049 2214 1100 2245 die
1125 2214 1300 2245 Vincencii.
1364 2248 1366 2250 v

356 2270 388 2296 X.
400 2270 455 2296 kal.
501 2268 541 2295 23.
588 2265 810 2305 Stephlinus
834 2276 927 2306 puer
950 2257 1070 2298 [lli-ici
1095 2266 1150 2297 ob.
1197 2265 1389 2296 Hainreiehs
1414 2264 1480 2294 sfin.

343 2320 387 2346 IX.
402 2321 457 2346 kal.
503 2321 542 2346 24.
590 2316 654 2347 Ob.
669 2316 872 2347 Hainricus
886 2328 1011 2352 cocus.
1030 2318 1192 2348 famulus
1205 2317 1247 2347 Di
1263 2316 1307 2347 de
1323 2315 1582 2356 Abenspereh.
1619 2315 1678 2346 Ob.
1692 2315 1731 2345 D.
1744 2315 1926 2355 Dyetricus.

639 2368 721 2398 Item
745 2368 784 2397 D.
803 2367 840 2398 D.
859 2368 1020 2399 Dietrieus
1044 2379 1106 2400 sae.
1154 2359 1208 2399 I⁰Jll
1231 2378 1312 2409 puer
1335 2367 1489 2408 Stephani
1513 2367 1556 2397 im
1580 2366 1782 2407 Hasenperg.

315 2422 459 2448 V111.kal.
505 2422 545 2448 25.
590 2419 740 2450 Ulricus
764 2419 947 2450 Retschel
972 2420 1025 2450 ob.
1080 2420 1140 2450 Ob.
1164 2419 1290 2450 Ekkart
1314 2419 1434 2449 Hewsl.
1489 2417 1547 2448 Ob.
1572 2417 1611 2448 D.
1629 2418 1822 2448 Laurentius
1846 2417 1925 2457 pbr„

640 2481 680 2500 m.
698 2470 788 2501 monii
812 2471 842 2500 in
868 2471 1069 2511 Seytensten,
1096 2471 1150 2501 cfr.
1169 2482 1209 2509 n.⁷
1235 2472 1324 2501 1488.
1370 2475 1483 2500 Paullus
1502 2474 1618 2500 Pei-man
1636 2472 1768 2499 0l11.1530.

345 2524 389 2549 VI.
404 2524 459 2550 kal.
504 2525 545 2550 ΞΤ.
591 2520 773 2562 Kfinegund
796 2533 848 2552 ux.
866 2522 1028 2563 Haldung.
1075 2523 1157 2553 Item
1182 2522 1274 2553 Iekel
1299 2520 1445 2552 Grodler.

386 2639 408 2669 a)
429 2639 493 2663 I.e.:
512 2641 625 2665 cuilibet.
729 2640 752 2671 1»)
774 2641 885 2673 Cory-ly..-
906 2642 1047 2666 Udulricus.
1154 2641 1176 2671 c)
1197 2642 1247 2666 Hic
1262 2650 1383 2666 numerus
1397 2650 1472 2673 super
1485 2649 1618 2665 numerum
1637 2641 1664 2665 73
1678 2640 1764 2671 primo
1778 2639 1928 2670 inscriptum

233 2683 236 2685 ’
284 2682 414 2712 appositas
433 2686 475 2706 est.
