2054 2948
246 95 284 125 82
836 84 1020 112 DIOECESIS
1040 82 1105 110 PAS
1111 80 1297 109 SAVIENSIS.

282 208 288 214 ‚
317 178 352 203 II.
367 176 403 202 icl.
470 176 510 201 12.
556 174 683 208 Rugerus
703 182 738 198 m.
757 172 784 198 in
798 171 959 198 For-urbach.
996 168 1147 196 Henericus
1165 169 1193 194 et
1207 165 1354 192 udalricus
1367 174 1392 191 n.
1405 173 1427 191 e.
1441 164 1486 190 mi.
1523 162 1678 190 Ludovicus
1691 162 1719 188 in
1733 162 1844 189 Monsee
1858 171 1894 188 m.

606 216 646 250 [P.
656 216 780 242 Andreas
794 216 822 241 in
836 212 1044 241 Obernaltaich.
1075 209 1231 236 Fridericus
1245 217 1285 235 ον.
1317 208 1346 234 Ρ.
1357 206 1492 241 Georgius
1505 206 1534 232 in
1546 205 1723 232 Mallerstorf.
1755 205 1785 231 P.
1796 205 1895 231 Petrus

606 259 633 284 in
647 259 761 285 Metten.
794 256 954 283 Matthaeus
967 254 1027 288 pbr.
1041 255 1070 279 et
1082 262 1117 278 m.
1144 250 1265 277 Michael
1280 249 1404 276 subdiac.
1418 249 1446 274 in
1461 248 1684 275 Seittenstebten.
1711 247 1743 275 D.
1757 247 1895 281 Casparus

605 301 668 328 abb.
687 301 716 326 in
734 298 1005 331 Weihenstephan.¹)
1043 295 1074 321 D.
1089 294 1275 327 wolfgangus
1294 291 1447 318 Merxeisen
1466 290 1530 317 abb.
1547 290 1577 316 in
1593 290 1697 323 Seon.²)
1734 289 1896 316 Ambrosius

606 353 622 370 a
646 343 772 369 Dandorf
792 342 852 375 pbr.
873 342 902 367 et·
927 349 961 365 m.
983 339 1017 364 ad
1043 338 1099 363 Sum
1125 336 1300 362 limera-mum
1323 333 1501 360 Ratisbonae.
1546 333 1680 359 Paulinus
1703 331 1895 358 Elsenhaimer

606 387 666 420 pbr.
680 388 708 412 et
728 395 762 411 m.
779 385 807 410 in
827 383 913 416 Rott.]

367 432 402 457 id.
469 431 508 456 153.
556 429 709 462 Rudigerus
735 437 791 461 eps.
813 424 1032 455 Passaviensis.³)
1076 422 1116 455 [P.
1136 422 1253 447 Ioannes
1279 430 1302 446 n.
1324 428 1346 446 c.
1391 419 1547 453 Rudigerus
1572 428 1608 445 m.
1652 418 1681 444 P.
1703 418 1843 445 Conradus
1868 417 1896 444 in

607 472 721 497 Metten.
751 470 780 496 P.
791 467 1006 501 Christophorus
1020 474 1079 491 can.
1090 465 1118 490 in
1127 464 1328 490 Waldhausen.
1357 462 1512 496 Leopoldus
1527 461 1670 496 Pollinger
1684 470 1725 488 cv.
1736 461 1764 487 in
1779 461 1897 487 Nidern-

606 513 709 539 alssach.
747 513 775 537 P.
789 510 1004 544 Christophorus
1017 508 1169 534 Guettman
1191 506 1226 532 ad
1244 506 1302 532 Sum
1315 506 1526 533 Emer-amnium.
1562 504 1743 531 Sebastianus
1757 504 1819 530 Ster
1837 504 1899 537 pbr.

605 558 633 582 et
652 564 712 582 can.
731 555 760 580 in
778 553 940 586 Windberg.
977 551 1102 577 Albanus
1121 549 1201 582 Mayr
1219 549 1280 582 pbr·
1300 551 1329 576 et
1348 557 1407 575 can.
1425 548 1455 574 in
1473 548 1596 575 Diessen.
1632 547 1818 581 Engelbertus
1837 546 1900 580 pbr.

606 601 634 624 et
648 606 707 625 ean.
721 597 749 623 in
760 597 891 629 VVeyarn.
928 595 960 620 D.
975 593 1158 626 Ildephonsus
1172 591 1285 625 Humpp
1299 591 1327 618 in
1340 591 1572 625 Benedictpeiirn.
1604 590 1742 617 Martinus
1756 590 1902 616 Defirkauf

609 641 668 675 pbr.
683 642 711 667 et
731 648 790 666 can.
804 639 833 665 in
854 636 1035 670 Banmburg]

254 688 353 714 XVIII.
368 687 423 714 kal.
471 687 510 712 14.
556 684 688 711 Albertus
707 683 770 708 abb.
784 681 811 707 in
831 682 954 712 Beurn.⁴)
991 679 1031 712 [P.
1046 678 1194 711 Gregorius
1214 677 1242 703 in
1263 677 1425 704 Formbach.
1464 677 1583 703 Perehta
1601 684 1653 702 sor.
1666 681 1705 702 11⁹³.
1743 675 1899 702 Bernardus

605 728 696 753 novius
715 726 744 752 in
764 723 976 751 Nidernaltach.
1015 720 1148 755 Georgius
1167 719 1275 746 Pottler
1292 720 1369 753 prior
1387 720 1423 746 ad
1440 719 1497 746 Sum
1511 719 1614 745 Vitum.
1652 718 1803 745 Henericus
1820 718 1900 744 Koch

606 770 676 795 diac.
691 769 726 795 ad
746 768 802 794 Sum
816 767 972 793 Nicolaum.
1011 765 1038 790 Ρ.
1054 763 1211 790 Leonardus
1231 763 1258 788 in
1277 762 1441 797 Ebersperg.
1479 762 1508 788 P.
1523 762 1660 795 Casparus
1673 761 1795 788 Horman
1809 760 1900 786 Melli-

607 812 702 839 censis.
740 811 926 844 Wolfgaugus
945 808 1018 834 Peck
1039 807 1097 840 pbr.
1114 808 1142 833 et
1162 815 1220 832 can.
1236 806 1262 832 iu
1282 805 1377 839 Rom]

268 859 354 885 XVII.
368 859 422 884 kal.
469 859 509 884 15.
556 857 654 883 Petrus
678 854 776 880 Zistler
801 853 906 887 primus
933 851 996 878 abb.
1017 850 1052 876 ad
1076 849 1133 876 Sum
1151 849 1358 879 Salvat01·em.⁵)
1402 847 1506 874 Geisilo
1532 847 1591 881 pbr.
1633 846 1748 873 Ekerius
1774 856 1799 873 n.
1818 855 1840 873 c.
1858 855 1900 873 cv.

606 899 722 924 Ioannes
736 896 911 930 Leugberger
923 902 1002 928 ppos.
1016 893 1044 919 in
1061 891 1296 926 Reicherspe1·g.⁰)
1327 890 1477 925 [Matthias
1490 890 1554 917 abb.
1568 890 1596 916 in
1609 889 1797 923 Formbaehff)
1828 889 1900 915 Tho-

607 949 666 967 mas
680 939 836 973 Friesinger
849 937 925 971 prior
943 937 971 962 in
986 936 1085 968 Rottfl)
1123 935 1221 961 Petrus
1240 943 1317 968 ppos.
1331 934 1360 960 in
1376 933 1539 960 Novacella.
1576 933 1607 960 D.
1622 933 1709 959 Lucas
1723 933 1787 959 abb.
1801 932 1828 958 in
1842 932 1902 958 Pri-

608 983 741 1016 veningss')
780 981 897 1007 Iacobus
915 980 996 1012 Mayr
1015 979 1075 1012 pbr.
1090 979 1118 1004 et
1138 987 1172 1004 m.
1188 977 1223 1003 ad
1243 977 1339 1004 Scotos
1359 977 1492 1003 Viennae.
1529 977 1559 1003 P.
1573 977 1712 1003 Romanus
1732 976 1902 1009 Perghamer

607 1025 699 1053 senior
718 1025 746 1051 in
765 1024 870 1050 Andex.
909 1024 937 1048 P.
953 1021 1086 1056 Aegidius
1105 1021 1218 1051 Pruner,
1237 1020 1427 1053 Mellicensis.]

281 1076 352 1102 XVI.
366 1074 422 1100 kal.
469 1072 507 1098 16.
554 1068 721 1096 Godefridus
740 1076 797 1101 eps.
812 1064 1044 1096 Passaviensis.¹⁰)
1083 1063 1266 1090 Berchtoldus
1285 1073 1310 1089 n.
1328 1072 1350 1089 c.
1368 1063 1429 1097 pbr.
1444 1064 1472 1089 et
1491 1072 1525 1089 m.
1562 1062 1643 1094 Otto,
1669 1061 1816 1088 Udalrieus
1839 1061 1900 1094 pbri

609 1114 637 1138 et
657 1112 700 1137 mi.
737 1110 872 1144 Georgius
887 1108 991 1135 Haider
1010 1107 1086 1141 prior
1104 1106 1132 1132 in
1147 1106 1354 1133 Reichenbach.
1391 1106 1550 1139 Stephanus
1569 1105 1629 1139 pbr.
1643 1106 1671 1132 et
1691 1113 1750 1131 can.
1764 1104 1792 1130 in
1807 1104 1902 1130 Wald-

608 1156 723 1181 hausen.
761 1154 801 1186 [P.
811 1152 999 1185 Wolfgangus
1018 1150 1046 1176 in
1061 1149 1311 1183 Weihenstephan.
1349 1149 1377 1175 P.
1392 1149 1551 1175 Leonardus
1565 1148 1734 1174 Kranwitter
1750 1147 1778 1174 in
1792 1147 1900 1174 Alders-

610 1197 690 1231 pach.
727 1196 758 1222 D.
773 1194 940 1221 Eustachius
960 1193 1051 1218 Sturm
1072 1192 1136 1218 abb.
1150 1192 1178 1218 in
1198 1192 1425 1224 Mallersdorff.²¹)
1444 1211 1580 1218 ......
1583 1193 1590 1224 ]

293 1247 353 1274 XV.
368 1245 422 1272 kal.
469 1244 508 1270 17.
556 1242 646 1268 Lanzo
660 1249 716 1266 n.e.
726 1247 766 1265 ον.
791 1238 859 1264 Otto
873 1238 932 1271 pbr.
942 1239 970 1264 et
980 1246 1015 1263 m.
1044 1236 1174 1262 Albertus
1188 1235 1220 1262 de
1231 1235 1300 1262 Hals
1314 1235 1331 1260 1.
1359 1235 1399 1268 [Ρ.
1408 1235 1548 1268 Rupertus
1561 1234 1597 1260 ad
1608 1234 1664 1260 Sum
1675 1234 1796 1260 Petrum.
1823 1233 1852 1259 P.
1863 1232 1903 1259 Si-

608 1282 770 1318 gismundus
781 1282 809 1308 in
820 1280 984 1314 Formpach.
1007 1279 1233 1313 D.Wolfgangus
1241 1278 1388 1312 'Pallinger
1401 1286 1479 1311 ppos.
1489 1277 1518 1303 in
1530 1277 1776 1311 Reiehersperg.¹²)
1800 1275 1904 1302 Tobias

610 1327 730 1353 Letitner
743 1325 801 1351 dec.
812 1324 848 1350 ad
862 1323 918 1350 Sum
929 1322 1085 1349 Nicolaum.
1118 1321 1251 1354 Iosephus
1265 1320 1351 1347 Reich
1366 1329 1407 1347 ον.
1417 1320 1445 1346 in
1459 1320 1582 1347 Diessen.
1612 1320 1642 1346 P.
1652 1319 1788 1354 Aegidius
1801 1319 1905 1345 Gabler

610 1370 638 1395 in
650 1369 747 1396 Ettall.
768 1367 964 1401 P.Alphonsus
973 1365 1113 1395 Wimmer,
1126 1363 1346 1391 Lunaelacensis.
1367 1364 1476 1389 Marcus
1488 1363 1664 1389 Ehrenmann
1674 1372 1715 1390 cv·
1727 1362 1762 1389 ad
1773 1363 1829 1388 Sum
1837 1362 1905 1396 Hip-

610 1413 747 1447 polytum.
779 1410 905 1444 Ignatius
919 1409 1004 1435 Sachs
1019 1408 1078 1441 pbr.
1092 1409 1120 1434 et
1135 1416 1193 1434 can.
1208 1407 1235 1433 in
1248 1406 1417 1440 Baumburg.
1450 1406 1479 1432 P.
1490 1405 1602 1432 Siardus
1616 1414 1676 1431 can.
1689 1405 1718 1431 in
1728 1405 1903 1439 Windberg.]

282 1462 357 1489 XIV.
371 1461 427 1486 kal.
475 1460 514 1485 15.
561 1455 706 1483 oswaldus
726 1454 786 1488 pbr.
800 1455 828 1480 et
848 1462 907 1480 can.
922 1452 951 1478 in
965 1450 1174 1484 Reiehersperg.
1213 1449 1280 1476 Otto
1299 1458 1324 1474 n.
1339 1458 1362 1475 c.
1376 1457 1416 1474 cv.
1454 1448 1538 1474 Utica
1557 1449 1586 1474 et
1600 1447 1763 1474 Adelheidis
1783 1447 1903 1474 smonlssss.

613 1497 805 1532 Sigismundus
828 1496 888 1530 pbr.
906 1497 934 1521 et
957 1503 1017 1521 can.
1035 1494 1069 1519 ad
1091 1493 1171 1526 (Sum)
1192 1492 1349 1518 Nicolaum.
1386 1491 1509 1517 Andreas
1529 1491 1589 1516 Hizl
1613 1491 1673 1524 pbr.
1693 1492 1720 1517 et
1740 1500 1774 1517 m.
1793 1490 1828 1517 ad
1847 1490 1904 1516 Sum

612 1540 719 1566 Vitum.
757 1539 796 1572 [P.
812 1538 935 1564 Andreas
954 1536 1122 1571 Massengeil
1141 1545 1168 1562 n.
1182 1544 1203 1561 c.
1242 1535 1270 1560 Ρ.
1285 1534 1449 1561 Godefridus
1468 1533 1570 1559 Haimb
1589 1533 1837 1567 Windbergensis.]

286 1589 360 1615 XIII.
375 1588 430 1613 kal.
479 1586 518 1612 19.
566 1583 721 1611 Hertwicus
742 1582 801 1616 pbr.
815 1584 843 1608 et
862 1590 922 1607 can.
935 1581 970 1607 ad
985 1580 1041 1606 Sum
1055 1579 1212 1606 Nicolaum.
1244 1578 1382 1611 Casparus
1396 1578 1456 1611 pbr.
1470 1579 1498 1603 et
1511 1586 1545 1603 m.
1560 1576 1589 1602 in
1603 1576 1799 1603 Obernaltach.
1831 1576 1908 1602 Wol-

612 1627 730 1655 brunus,
756 1625 824 1651 Otto
844 1624 904 1658 pbri
925 1626 953 1650 et
972 1623 1015 1649 mi.
1057 1623 1111 1656 [Fr.
1124 1621 1288 1648 Gebhardus
1307 1629 1348 1647 cv.
1366 1630 1391 1646 n.
1409 1629 1431 1646 c.
1473 1619 1646 1646 Christianus
1669 1619 1728 1654 pbr.
1748 1622 1775 1646 et
1800 1628 1859 1646 can.
1879 1619 1907 1645 in

614 1669 713 1695 Subeu.
756 1668 784 1693 P.
799 1666 934 1700 Georgius
957 1666 985 1691 in
1006 1665 1181 1691 lx'anshoven.
1223 1664 1251 1690 P.
1267 1663 1412 1697 Crispinus
1436 1663 1465 1688 in
1485 1662 1665 1689 osterhoven.
1708 1662 1737 1689 P.
1752 1662 1908 1689 Bernardus

614 1711 683 1737 Holz
703 1710 738 1737 ad
753 1710 811 1736 S*nu
825 1710 1007 1736 Emeramum.
1044 1708 1086 1734 Fr.
1100 1707 1231 1733 Albertus
1245 1706 1356 1733 oblatus
1374 1706 1403 1732 iu
1416 1706 1511 1732 Zwetl.
1547 1706 1579 1731 D.
1592 1706 1704 1732 Maurus
1718 1705 1877 1732 Lautterius
1884 1706 1907 1737 ί1)

614 1755 678 1781 abb.
693 1754 720 1780 in
735 1753 888 1784 Metten.¹³)
926 1752 954 1777 P.
970 1751 1093 1777 Albanus
1107 1750 1299 1776 Guettknecht
1313 1749 1463 1779 ibidem.1⁴)
1501 1748 1531 1774 D.
1545 1749 1661 1775 loannes
1674 1747 1808 1774 Nicolaus
1829 1756 1906 1782 ppos.

617 1798 652 1824 ad
672 1797 728 1823 Sum
749 1795 943 1826 Nicolauu1.¹⁵)
981 1795 1009 1820 P.
1025 1793 1165 1820 Candidus
1184 1792 1333 1827 Oettinger
1351 1792 1396 1826 nr]

300 1846 430 1872 X11.ka1.
475 1844 516 1870 20.
564 1842 697 1869 Imbricus
716 1841 775 1874 pbr.
790 1841 818 1866 et
837 1848 872 1865 m.
887 1839 915 1864 in
934 1837 1051 1864 Gleiiuk.
1088 1836 1288 1871 Weregandus.
1316 1836 1472 1862 Hertwieus
1491 1835 1551 1868 pbri
1570 1836 1598 1860 et
1616 1835 1659 1860 mi.
1696 1834 1852 1868 Rudigerus
1871 1843 1907 1861 m.

615 1885 730 1911 loannes
744 1883 807 1909 abb.
822 1882 850 1908 in
864 1882 1017 1913 blatteam)
1049 1880 1285 1914 [P.Wolfgangus
1299 1879 1327 1905 in
1342 1878 1528 1904 Mallerstorff.
1558 1877 1692 1911 Aegidius
1706 1879 1735 1903 et
1748 1877 1908 1910 Stephanus

616 1927 675 1961 pbri
696 1928 722 1953 et
743 1926 778 1951 nii
798 1925 833 1951 ad
847 1924 904 1950 Sum
918 1924 1102 1951 Emeramum.
1141 1923 1287 1957 Casparus,
1308 1921 1443 1956 Georgius
1457 1920 1518 1954 pbri
1532 1922 1560 1947 et
1574 1920 1633 1946 cani
1646 1920 1682 1946 ad
1694 1920 1751 1946 Sum
1763 1920 1909 1946 Zenonem.

614 1969 751 1995 Martinus
765 1968 922 2001 Langreder
941 1967 1012 1993 diac.
1027 1967 1054 1992 iu
1074 1967 1173 1993 Suben.
1205 1966 1327 1992 Adamus
1347 1964 1515 1991 Schrazeder
1534 1972 1574 1990 εν.
1588 1963 1615 1989 in
1631 1963 1794 1990 Formbach.
1825 1963 1909 1990 Geor-

617 2013 678 2047 gius
693 2012 848 2038 Carnmerer
862 2011 922 2045 pbr.
933 2012 961 2037 et
974 2020 1009 2036 ln.
1021 2010 1049 2036 in
1061 2009 1301 2036 Raittenhaslach.
1331 2008 1359 2034 P.
1371 2007 1494 2034 Andreas
1505 2007 1640 2033 Wimmer
1652 2016 1677 2033 n.
1689 2015 1711 2033 c.
1721 2006 1812 2033 senior
1824 2015 1909 2033 nona-

617 2055 754 2089 genarius.
786 2053 952 2080 Godefridus
967 2053 1093 2080 Pliiembl
1112 2053 1188 2086 prior
1204 2052 1231 2078 in
1244 2052 1360 2078 Metten.
1392 2051 1422 2076 D.
1436 2050 1567 2077 Placidus
1579 2049 1643 2076 abb.
1657 2049 1685 2075 in
1698 2049 1909 2082 Fonnbach.¹⁷)]

321 2102 368 2127 XI.
382 2101 437 2127 kal.
482 2101 523 2126 21.
568 2098 780 2125 (hadelhochus
800 2107 825 2123 n.
839 2106 861 2122 c.
876 2106 917 2123 CV.
955 2097 1077 2122 Thomas
1096 2096 1156 2129 pbr.
1170 2097 1198 2121 et
1212 2104 1271 2121 can.
1285 2095 1313 2120 in
1328 2093 1538 2127 Reichersperg.
1575 2092 1614 2125 [P.
1629 2092 1769 2118 Amandus
1786 2091 1815 2118 in
1828 2092 1908 2119 Seon.

620 2141 773 2167 Ludovicus
796 2141 851 2166 dux
871 2140 1053 2169 Bavariae.¹⁸)
1092 2139 1122 2164 D.
1137 2137 1267 2167 Quirinus
1286 2136 1473 2163 Grasseuauer
1499 2135 1562 2161 abb.
1582 2135 1611 2160 in
1631 2133 1906 2166 Niedernaltaich.¹⁹)

619 2183 774 2210 Friderious
793 2183 879 2209 Stessl
900 2183 959 2216 pbr.
974 2184 1002 2208 et
1021 2191 1055 2208 m.
1070 2182 1097 2207 in
1117 2181 1248 2207 Scheiirn.
1288 2180 1316 2206 P.
1330 2179 1497 2205 Benedictus
1514 2177 1577 2204 Doll
1596 2178 1625 2203 in
1641 2177 1708 2204 Attl.
1746 2177 1777 2203 D.
1792 2178 1909 2204 Ioannes

619 2227 751 2253 Gistelius
771 2235 849 2260 ppos
863 2226 891 2251 in
912 2225 1160 2258 Reichersperg.2⁰)
1198 2224 1245 2250 Ivo
1266 2224 1437 2256 Lettenpaur
1456 2222 1515 2255 pbr.
1530 2223 1558 2247 et
1577 2220 1774 2253 oan.ibiden1.]

334 2272 366 2297 X.
381 2272 436 2297 kal.
481 2271 521 2297 22.
568 2270 735 2296 Adelbertus
748 2269 849 2299 abb.‘-’¹)
887 2267 1020 2301 Georgius
1039 2267 1098 2301 pbr.
1113 2268 1141 2294 et
1154 2276 1189 2292 m.
1203 2267 1230 2292 iu
1245 2265 1441 2293 Obernaltach.
1473 2264 1526 2298 [Fr.
1541 2263 1681 2290 Conradus
1694 2272 1719 2289 n.
1731 2271 1753 2289 c.
1785 2263 1814 2288 P.
1826 2262 1913 2288 Wolf-

621 2321 729 2346 gaugus
749 2312 776 2337 in
790 2311 905 2337 Metten.
943 2310 1107 2336 Lambertus
1127 2310 1186 2344 pbr.
1200 2311 1229 2336 et
1247 2318 1306 2335 can.
1321 2309 1348 2335 in
1362 2309 1461 2335 Subeu.
1499 2308 1528 2333 P.
1543 2306 1724 2333 Corbinianus
1742 2306 1770 2332 in
1784 2306 1911 2333 Weihen-

363 2418 386 2447 ἢ)
406 2417 541 2442 Lallterius
561 2417 615 2441 cod.

367 2485 385 2515 ¹)
407 2482 450 2508 Ob.
465 2491 489 2508 α.
505 2486 570 2509 1576.
677 2484 698 2514 ²)
723 2482 767 2508 Ob.
784 2491 808 2508 ιι.
824 2486 896 2510 1581,
922 2482 966 2508 sed
985 2483 1072 2515 April.
1086 2482 1135 2508 17?
1241 2483 1260 2513 ³)
1285 2481 1330 2508 Ob.
1346 2485 1421 2513 1250,
1451 2481 1533 2507 Mart.
1547 2484 1586 2506 20.
1694 2481 1715 2511 ⁴)
1738 2479 1783 2505 Ob.
1800 2488 1825 2505 α.
1839 2483 1911 2505 1447.

262 2528 282 2558 ⁵)
306 2525 351 2551 Ob.
365 2534 389 2551 a.
404 2527 471 2551 1453.
579 2526 598 2555 ὅ)
622 2524 666 2551 Ob.
684 2534 709 2551 a.
723 2528 792 2551 1493.
899 2526 919 2558 ⁷)
939 2525 986 2551 Ob.
1000 2534 1025 2552 (ι.
1038 2528 1106 2551 1532.
1214 2527 1234 2556 ⁸)
1257 2524 1302 2551 Ob.
1314 2533 1338 2550 α.
1354 2528 1428 2556 1562,
1453 2524 1540 2556 April.
1556 2526 1595 2549 25.
1701 2524 1721 2555 ⁹)
1745 2522 1791 2548 Ob.
1805 2531 1830 2548 a.
1845 2525 1913 2549 1631.

264 2570 296 2599 ¹⁰)
317 2568 362 2593 Ob.
376 2577 401 2594 (ι.
416 2571 484 2599 1362,
502 2567 569 2600 Sept.
583 2572 620 2594 15.
720 2569 752 2601 ιἶ)
773 2568 819 2594 Ob.
833 2577 857 2594 α.
871 2573 938 2595 1619.
1037 2570 1068 2599 ¹²)
1091 2569 1136 2594 Ob.
1151 2576 1171 2594 c.
1186 2577 1210 2594 ιι.
1225 2572 1294 2594 1582.
1394 2569 1426 2600 ¹²³)
1450 2566 1494 2593 Ob.
1509 2575 1533 2592 a.
1548 2569 1623 2592 1662.
1723 2567 1755 2597 ¹⁴)
1776 2565 1913 2598 christoph

266 2610 422 2637 Guetknecht
436 2611 486 2643 (ob.
502 2614 562 2636 1645
580 2610 642 2637 Ian.
656 2612 703 2643 15),
722 2611 752 2636 in
770 2612 836 2637 serie
855 2611 978 2637 abbatum
999 2614 1093 2637 arsiae.
1184 2612 1216 2643 ¹⁵)
1236 2611 1270 2636 In
1288 2611 1351 2636 serie
1369 2610 1494 2636 abbatum
1513 2609 1588 2635 deest.
1679 2609 1711 2640 l⁸¹)
1732 2608 1866 2634 Iohannes
1880 2608 1912 2640 I„

261 2654 300 2680 ob.
314 2662 339 2680 α,
354 2656 423 2679 1478.
522 2655 553 2685 ¹⁷)
577 2652 622 2678 Ob.
636 2662 661 2678 a.
676 2656 745 2680 1673.
842 2656 874 2685 ¹⁸)
896 2653 942 2680 Ob.
955 2663 980 2680 a.
995 2658 1062 2680 1545.
1159 2656 1190 2685 ¹⁹)
1211 2653 1255 2679 Ob.
1269 2656 1382 2685 a.159·2,
1401 2652 1446 2678 sed
1464 2652 1524 2678 Dee.
1539 2651 1592 2678 26?
1687 2652 1720 2683 ²⁰)
1745 2650 1790 2677 Ob.
1804 2659 1828 2676 a.
1843 2654 1912 2677 1621.

263 2698 297 2728 ²¹)
317 2696 359 2722 Aa
377 2704 453 2729 quem
468 2696 607 2729 pertineat,
627 2704 683 2721 ozon.
702 2699 813 2722 comme.
