2054 2948
254 107 313 137 132
843 98 1026 126 DIOECESIS
1046 98 1112 125 PAS
1118 97 1279 125 SAVIENSI
1283 98 1307 125 S.

611 186 745 213 Feronica
764 194 815 212 sor.
828 190 862 211 11⁸¹
875 185 964 211 fidelis
981 193 1014 211 ex
1032 183 1166 217 hospitali
1179 188 1220 209 110.
1257 183 1306 209 Ob.
1321 183 1353 209 D.
1367 182 1581 209 Bartholomeus
1599 182 1663 209 abb.
1677 183 1757 209 monii
1770 183 1799 209 in
1810 183 1902 218 wigt-

611 229 738 263 tingnaw
757 228 788 254 fr.
802 237 828 254 n.

299 279 358 306 XV.
371 278 428 304 kal.
474 277 514 304 18.
560 271 751 304 Gebhardus
785 271 864 302 diac.
889 280 957 301 ean.
981 270 1010 300 h.
1034 269 1123 300 ecelie
1151 269 1205 299 cfr.
1228 279 1256 299 n.
1307 268 1370 299 Hic
1396 269 1554 309 egrotavit
1579 270 1619 300 28
1645 269 1744 299 annis.
1791 273 1901 307 Marga-

608 322 690 349 retha
708 321 815 348 srnonlis
834 320 1090 354 Herczogenburch.
1127 320 1263 345 Iohannes
1283 327 1324 345 ον.
1338 318 1517 345 secoviensis.
1556 319 1691 353 Georgius
1711 319 1771 353 pbr.
1789 320 1818 345 et
1841 328 1902 346 can.

610 365 638 390 in
651 364 818 390 Ranshofen.
856 363 991 389 Obierunt
1004 364 1035 388 D.
1051 362 1217 388 Laurencius
1230 362 1402 388 decretorum
1420 362 1523 394 doctor,
1543 362 1575 388 D.
1589 362 1725 389 Iohannes
1737 362 1901 397 Medlinger,

612 408 644 434 D.
663 407 848 440 Wolfgangus
876 405 1092 436 Peuezkehofer,
1129 404 1160 430 D.
1182 405 1285 431 Paulus
1309 404 1461 437 Arbaysser
1491 405 1553 438 pbri
1579 407 1607 431 et
1635 405 1697 431 cani
1724 405 1798 438 profi
1821 405 1902 431 monii

610 451 631 476 si
651 450 763 483 Georgii
785 449 813 475 in
833 449 1054 481 Herczenburga,
1078 448 1142 474 cfr-⁰⁵
1166 447 1193 473 ni
1212 449 1264 474 etc.
1311 447 1352 481 [D.
1368 448 1484 474 Ioannes
1502 447 1642 474 Khastner
1666 448 1726 481 pbr.
1743 450 1771 474 et
1795 456 1855 474 ean.
1873 447 1903 473 in

611 492 732 524 Voraw]

286 543 359 569 XIV.
372 542 427 568 kal.
475 541 514 568 19.
560 536 637 568 Otto
669 546 760 577 pp05.
782 534 1085 574 Salezpurgensis.1)
1130 538 1266 564 Rudolfus
1291 538 1383 564 dictus
1408 538 1490 564 Gaws
1513 539 1572 565 dec.
1592 538 1621 564 in
1644 539 1902 573 Bertholtzgadem.

613 586 710 612 Petrus
730 585 821 611 dietus
833 582 982 618 Swessvbrzu·
1000 584 1060 618 pbr.
1075 585 1104 610 et
1123 593 1184 610 can.
1197 584 1223 610 h.
1237 583 1325 610 ecelie.
1358 583 1544 617 Wolfgangus
1557 583 1711 611 Stainhauf
1726 584 1785 618 pbr.
1800 586 1829 610 et
1843 593 1903 611 can.

612 629 640 654 in
660 630 696 661 a).
718 648 724 654 .
744 648 750 654 .
792 628 854 661 Mgr
873 628 994 654 Thomas
1018 626 1156 660 quondam
1181 635 1259 661 ppos.
1276 626 1357 653 monii
1379 627 1400 652 si
1418 626 1527 660 Ypoliti
1551 627 1599 653 cfr.
1617 628 1668 660 n.²)
1711 627 1743 653 D.
1756 627 1904 654 Udalricus

611 680 666 697 sac.
680 670 813 696 secularis
832 670 865 696 de
880 669 1027 696 Newsidel.
1057 669 1088 695 D.
1099 669 1285 703 Wolfgangus
1300 669 1414 696 Pslaher
1433 670 1466 696 de
1480 669 1602 696 Lauffen.
1638 670 1756 696 Iacobus
1770 670 1905 698 Curi-ifex,

612 713 760 740 Hainrieus
785 713 912 739 Arcufex.
951 715 1031 738 Anna.
1054 722 1098 738 ux.
1117 712 1183 739 eius.
1220 712 1390 746 Magdalena
1409 713 1535 746 Begerin.
1572 712 1732 746 Margareta
1750 713 1904 740 M'anndlin.

612 758 703 791 Agnes
723 756 809 790 virgo.
847 756 908 789 [Ob.
921 755 1069 789 religiosus
1087 755 1117 781 P.
1134 755 1234 781 Paulus
1253 756 1323 789 prof.
1339 755 1420 781 monii
1434 755 1606 788 Lamba00.b)
1643 755 1675 782 D.
1689 755 1777 782 Lucas
1796 755 1906 782 Eazber

611 808 690 833 ppos.
711 799 739 825 in
763 798 953 831 Novacella.³)
996 798 1046 824 Ob.
1064 798 1198 831 Georgius
1223 798 1350 829 Arnoldt,
1383 798 1430 831 qui
1458 798 1512 824 fuit
1541 798 1670 824 cellarius
1696 798 1723 824 h.
1741 799 1831 830 monii,
1862 807 1904 825 ao.

614 843 645 868 Di
659 842 744 875 1565]

284 893 358 919 XIII.
372 892 428 919 kal.
473 891 515 918 20.
562 886 740 927 Sighardus
758 896 846 926 ppos.
865 885 894 916 Si
912 884 1077 926 Ypolifiss)
1123 883 1289 915 sifridus
1312 883 1388 925 pbr.
1409 884 1479 924 et²)
1505 909 1510 914 .
1531 909 1536 914 .
1556 909 1562 915 .
1587 884 1630 915 de
1647 884 1904 916 Walthausen.

612 937 735 967 Yonas
759 937 835 977 pbr.
854 939 890 967 eb
914 947 990 967 can.
1013 936 1057 966 de
1081 935 1330 966 Walthausen
1356 935 1410 966 Ob.
1455 939 1588 966 Erasmus
1611 949 1692 974 ppos.
1709 940 1739 966 in
1762 936 1905 974 Subem.⁵)

613 987 759 1013 Ludwicus
773 987 891 1013 illustris
911 987 965 1012 dux
979 986 1117 1013 Bavariae
1136 986 1179 1012 ob.
1193 995 1266 1012 anno
1279 986 1310 1012 Di
1324 987 1377 1012 etc.
1391 986 1489 1019 (14)79.
1525 986 1567 1012 Fr.
1582 985 1697 1012 Georius
1712 986 1773 1020 pbr.
1787 995 1821 1012 m.
1835 985 1905 1020 prof.

613 1030 648 1055 ad
674 1030 729 1056 Sum
755 1030 867 1056 Petrum
894 1029 1146 1062 Salozpurgensem.
1192 1029 1230 1054 Ex
1259 1029 1278 1054 si
1303 1028 1384 1055 Pauli
1413 1029 1529 1055 cenobio
1555 1028 1681 1054 Corinthi
1706 1028 1905 1062 Sigismundus,

613 1073 812 1107 Wolfgangus,
841 1073 1012 1103 Rudbertus,
1041 1072 1180 1098 Erhardus
1204 1071 1264 1105 pbri
1287 1074 1315 1098 et
1339 1072 1375 1097 mi
1395 1074 1422 1098 et
1446 1072 1520 1105 profi
1539 1071 1644 1097 ordinis
1668 1072 1688 1097 si
1708 1071 1853 1098 Benedicti
1877 1074 1906 1098 et

614 1116 767 1142 multitudo
786 1115 918 1142 fidelium.
950 1115 1091 1142 Conradus
1107 1115 1167 1148 pbr.
1181 1115 1250 1148 prof.
1264 1114 1293 1140 in
1308 1115 1455 1141 Lambaeo.
1486 1115 1517 1141 D.
1533 1114 1706 1141 Cristofferus
1720 1114 1813 1141 Ebran
1827 1123 1906 1148 ppos.

613 1159 869 1192 Salczburgensisfi)
904 1159 962 1192 [Ob.
978 1159 1009 1185 D.
1021 1159 1207 1192 Wolfgangus
1226 1167 1305 1191 ppos.
1319 1157 1346 1183 in
1363 1158 1448 1190 Ror.⁷)
1478 1158 1509 1184 D.
1521 1158 1706 1192 Wolfgangus
1718 1157 1827 1191 Stingel
1842 1157 1905 1184 abb.

612 1203 639 1228 in
659 1202 816 1228 Formbach
835 1210 876 1228 ao.
890 1202 996 1234 (15)63.]

300 1252 361 1278 XII.
376 1251 432 1278 kal.
477 1251 518 1277 21.
563 1246 720 1287 Magister
743 1245 905 1286 Nycolaus
929 1245 998 1286 pbr.
1020 1249 1053 1276 et
1076 1255 1144 1275 can.
1163 1244 1253 1276 ecelie
1277 1244 1300 1274 si
1316 1243 1449 1284 Ypoliti.
1494 1249 1682 1283 Wolfgangus
1706 1249 1821 1283 Angner
1843 1248 1904 1282 pbr.

613 1299 641 1323 et
665 1305 725 1323 can.
743 1296 924 1323 Secoviensis.
966 1296 1048 1322 Vitus
1072 1295 1236 1322 Sielamarin
1266 1295 1325 1328 pbr.
1345 1297 1373 1321 et
1398 1295 1467 1328 prof.
1490 1295 1525 1321 ad
1548 1294 1604 1321 Sum
1628 1294 1789 1321 Florianum
1813 1294 1861 1320 cfr.
1880 1303 1906 1320 n.

614 1340 645 1366 D.
656 1339 777 1366 Michael
798 1341 827 1365 et
847 1340 875 1365 D.
888 1339 1055 1365 Valentinus
1074 1338 1135 1372 pbri
1155 1340 1182 1365 et
1202 1339 1275 1372 profi
1296 1338 1377 1364 monii
1392 1337 1549 1370 Novecelle,
1570 1337 1635 1363 efres
1654 1338 1689 1363 ni.
1727 1337 1769 1363 Fr.
1782 1337 1906 1363 Mathias

614 1382 675 1415 pbr.
693 1384 721 1408 et
745 1391 781 1408 m.
798 1382 867 1415 prof.
885 1383 966 1408 monii
985 1383 1006 1407 si
1026 1381 1102 1408 Petri
1122 1382 1314 1415 Salczeburge.
1357 1380 1506 1414 [Rupertus
1532 1381 1591 1414 pbr.
1611 1383 1639 1407 et
1658 1380 1748 1407 senior
1767 1380 1795 1406 in
1815 1380 1907 1406 Neun—

613 1425 701 1459 burga
716 1425 874 1451 Claustrali.
912 1424 954 1451 Fr.
970 1424 1128 1451 Anthonius
1147 1433 1189 1450 ον.
1203 1424 1238 1450 ad
1257 1424 1313 1450 Sum
1328 1424 1439 1450 Petrum
1454 1423 1625 1457 Salispurge.
1662 1423 1805 1449 Elisabeth
1821 1422 1908 1448 Pfich-

614 1467 684 1493 lerin
703 1476 755 1493 sor.
769 1472 807 1493 na.
845 1467 895 1493 Ob.
908 1468 940 1493 fr.
954 1467 1103 1493 Udalricus
1123 1466 1214 1492 Krafft
1233 1467 1292 1500 pbr.
1307 1469 1336 1493 et
1354 1476 1388 1493 m.
1404 1467 1432 1492 in
1452 1466 1555 1493 Altaeh
1575 1466 1701 1492 Inferiori
1721 1475 1762 1493 ao.
1778 1466 1808 1492 Di
1823 1466 1906 1500 1549]

313 1516 360 1542 XI.
373 1516 428 1542 kal.
476 1515 517 1542 22.
562 1511 745 1552 Stephanus
768 1511 837 1551 pbr.
856 1512 911 1541 cfr.
928 1522 957 1541 n.
977 1511 1016 1541 (le
1042 1510 1077 1541 S⁰
1094 1510 1237 1552 Ypolito.
1277 1515 1398 1541 Thomas
1415 1515 1476 1548 pbr.
1494 1516 1523 1541 et
1540 1523 1601 1541 can.
1640 1515 1800 1548 Stephanus
1816 1514 1907 1540 dictus

614 1562 692 1588 F'ostl
706 1562 766 1595 pbr.
781 1564 808 1588 et
823 1570 882 1588 cau.
897 1562 979 1587 ecelie
993 1561 1309 1595 Herczogenburgensis.
1342 1561 1477 1587 Iohannes
1492 1561 1597 1587 Tulnar
1610 1569 1670 1587 can.
1684 1560 1713 1586 in
1727 1560 1908 1594 Hercenburg

615 1605 662 1631 cfr.
677 1614 704 1631 n.
719 1605 762 1630 ob.
799 1605 840 1638 [D.
853 1604 1021 1630 &vilhelmus-
1036 1604 1116 1637 Hyrll
1136 1604 1196 1638 pbr.
1210 1604 1245 1630 ad
1265 1604 1321 1629 Sum
1335 1604 1469 1631 Senonem
1490 1605 1533 1630 vel
1548 1605 1739 1638 Langenzenn.
1775 1604 1807 1630 D.
1822 1604 1904 1630 Udal-

614 1647 687 1674 ricus
708 1648 767 1681 pbr.
782 1650 810 1673 et
830 1647 899 1681 prof.
914 1648 994 1673 monii
1013 1648 1033 1673 si
1048 1647 1159 1681 Georgii
1180 1647 1208 1673 in
1228 1647 1466 1681 Herczogenburg.
1504 1647 1535 1673 D.
1549 1647 1729 1674 Sebastianus
1748 1647 1808 1681 pbr.
1823 1649 1851 1673 et
1870 1655 1904 1672 m.

615 1690 642 1716 in
662 1689 811 1716 Gottwieo.
848 1690 879 1715 D.
894 1690 1090 1716 Christofl'erus
1109 1690 1328 1716 Holtzschueher
1347 1691 1407 1724 pbr.
1424 1693 1452 1717 et
1471 1700 1530 1717 can.
1544 1691 1573 1716 in
1593 1690 1775 1724 Unterstorff]

325 1736 360 1763 X.
373 1736 429 1764 kal.
474 1737 516 1763 23.
562 1733 756 1764 VVolfkeruS
787 1734 989 1764 pataviensis
1021 1733 1123 1774 eps.8)
1177 1738 1220 1764 Fr.
1244 1738 1384 1765 Iohannes
1412 1739 1473 1773 pbr.
1498 1741 1527 1765 et
1554 1748 1615 1765 can.
1637 1739 1666 1765 in
1689 1738 1904 1765 Newnkirchen.

614 1785 646 1810 D.
661 1785 796 1811 Iohannes
815 1784 995 1818 Nurnberger
1018 1784 1082 1810 olim
1112 1792 1190 1818 ppos.
1211 1784 1240 1809 in
1259 1785 1512 1817 Walthausen.c)⁹)
1558 1785 1612 1818 [Fr.
1632 1784 1788 1811 Anthonius
1815 1793 1857 1811 cv,
1877 1785 1905 1810 in

616 1828 735 1854 Mansee.
782 1827 814 1854 D.
837 1827 973 1853 lohannes
1001 1827 1061 1861 pbr.
1088 1829 1116 1853 et
1144 1828 1213 1861 prof.
1240 1827 1266 1853 in
1296 1827 1491 1854 Rannshoven.
1536 1828 1677 1854 Conradus
1705 1827 1905 1854 Schwenttner.

615 1870 770 1896 Katherina
798 1879 842 1896 ux.
868 1870 927 1897 eius
957 1872 987 1896 et
1014 1870 1152 1896 Steffanus
1179 1870 1280 1904 Perger
1311 1872 1339 1897 et
1368 1871 1545 1897 Leonhardus
1573 1871 1767 1905 Lungelhover
1792 1870 1905 1897 ibidem.

616 1914 644 1938 D.
658 1913 780 1939 Michael
800 1913 874 1947 pleb.
890 1913 950 1946 pbr.
964 1915 992 1939 et
1011 1922 1071 1939 can.
1085 1913 1113 1938 in
1133 1913 1359 1947 Raittenpuech.]

317 1961 363 1988 IX.
376 1961 433 1987 kal.
478 1961 519 1986 ⁶24.
565 1957 779 1988 Perchtoldus
802 1957 1004 1988 Pataviensis
1028 1957 1144 1998 eps.¹⁰)
1189 1957 1391 1998 Gumpoldus
1414 1968 1504 1998 ppos.
1522 1957 1777 1998 Pataviensis11)
1802 1957 1857 1988 cfr.
1876 1968 1904 1988 n.

616 2008 746 2039 Oblatio
776 2008 873 2039 chori.
920 2008 1024 2039 Datur
1051 2008 1142 2039 nobis
1171 2008 1345 2040 secundum
1374 2009 1563 2050 qualitatem
1587 2009 1670 2039 anni.
1718 2013 1906 2045 [Reverendus

616 2059 644 2084 P.
660 2059 846 2093 XVolfgangus
866 2059 930 2085 abb.
944 2059 972 2084 in
986 2059 1171 2091 Lambaco.¹²)
1208 2059 1239 2085 D.
1254 2059 1397 2086 Mattheus
1417 2059 1475 2093 pbr.
1490 2061 1518 2085 et
1538 2068 1598 2085 can.
1612 2059 1640 2085 in
1654 2058 1817 2093 Witingow.
1855 2059 1905 2086 Ob.

614 2103 647 2127 D.
661 2102 778 2127 Ioannes
797 2102 897 2128 Mottel
917 2102 975 2135 pbr.
991 2111 1023 2128 ac
1043 2102 1112 2135 prof.
1126 2103 1205 2127 monii
1225 2103 1253 2128 in
1276 2102 1495 2136 Reichersperg]

288 2148 362 2174 VIII.
377 2148 432 2174 kal.
477 2149 518 2174 25.
565 2145 754 2176 Chunradus
779 2145 951 2176 Zahalmus
974 2146 1011 2176 fr.
1029 2157 1058 2176 n.
1106 2146 1164 2186 3¹l2
1182 2147 1212 2186 β.
1231 2145 1271 2176 de
1296 2145 1391 2176 domo
1416 2156 1473 2176 sua
1497 2146 1581 2176 circa
1604 2148 1737 2176 stratam
1755 2145 1906 2176 Riehers-

616 2205 818 2236 pergensenl.
870 2202 913 2227 Fr.
936 2202 1106 2228 Laurencius
1135 2203 1169 2228 de
1197 2202 1254 2228 Ror
1283 2211 1324 2228 ev.
1374 2202 1406 2227 D.
1424 2201 1571 2227 Udalricus
1599 2201 1725 2227 Schrekh
1752 2201 1846 2228 senior
1872 2201 1906 2227 de

617 2245 775 2279 Chyemsee.
817 2247 870 2279 [Fr.
884 2248 1020 2274 Martinus
1044 2257 1084 2274 CV.
1104 2248 1131 2274 in
1152 2248 1253 2274 Altach
1275 2247 1407 2274 Inferiori.
1449 2247 1492 2273 Fr.
1507 2247 1673 2274 Benedictus
1696 2247 1755 2280 pbr.
1772 2249 1800 2273 et
1820 2256 1854 2273 m.
1871 2247 1907 2273 ad

617 2288 672 2313 Sum
687 2289 798 2315 Petrum
819 2289 845 2315 in
860 2290 1037 2324 Salczburga.
1075 2291 1106 2316 D.
1118 2290 1221 2317 Vitalis
1235 2291 1294 2324 pbr.
1309 2293 1337 2317 et
1352 2300 1386 2316 m.
1402 2290 1428 2316 iu
1444 2290 1545 2316 Altach
1560 2289 1694 2316 Inferiori.
1732 2290 1907 2316 Reverendus

618 2331 646 2356 P.
661 2333 688 2357 et
708 2332 739 2357 D.
754 2332 784 2357 D.
799 2332 991 2366 Sigismundus
1013 2333 1231 2367 WVeissuwurger
1249 2342 1327 2367 ppos.
1342 2333 1370 2359 in
1391 2333 1521 2366 Rhor.¹³)]

360 2425 383 2457 ⁸)
403 2426 539 2458 Sequentia
562 2427 674 2452 abscissa
697 2433 763 2452 sunt.
869 2428 893 2459 b)
914 2429 956 2453 Ita
980 2430 1066 2455 codar.
1173 2430 1195 2461 c)
1215 2430 1288 2454 Haec
1307 2434 1369 2454 nota
1387 2429 1438 2459 (Fr.
1454 2427 1804 2459 Iohannes—Vt'althausen)
1826 2436 1907 2460 supra

257 2477 353 2493 rasura
372 2469 495 2500 inscripta
513 2473 556 2494 est.

363 2536 382 2568 l)
403 2535 565 2561 Monasterii
583 2544 603 2562 s.
618 2536 741 2569 Ruperti,
761 2537 800 2563 ob.
816 2546 840 2562 α.
857 2542 926 2564 1267.
1017 2539 1037 2570 ²)
1058 2538 1103 2564 Ob.
1118 2547 1142 2564 (ι.
1158 2542 1230 2571 1473,
1249 2538 1295 2564 sed
1313 2538 1375 2570 fort.
1389 2546 1475 2564 meuse
1494 2538 1606 2564 Martio.
1697 2539 1718 2570 ⁸)
1741 2537 1785 2563 Ob.
1799 2546 1824 2564 α.
1838 2540 1906 2563 1503.

259 2578 279 2610 4)
301 2577 417 2610 Ob.post
437 2581 546 2604 α.1209.
653 2581 672 2609 ⁵)
695 2580 734 2610 Cf.
749 2580 784 2604 ad
804 2580 864 2606 Ian.
880 2585 914 2606 15.
1021 2583 1040 2613 ⁵)
1059 2581 1203 2614 Depositus
1224 2584 1294 2611 1487,
1315 2581 1352 2607 ob.
1365 2589 1390 2606 a.
1404 2584 1475 2607 1491.
1582 2582 1601 2613 ⁷)
1622 2580 1800 2614 Wolsjqanyus
1816 2580 1846 2612 L,
1867 2580 1906 2606 ob.

258 2629 284 2646 α.
298 2624 369 2652 1509,
388 2628 473 2646 mense
486 2620 631 2653 Immario,
648 2622 690 2648 die
705 2623 808 2648 incerto.
895 2626 915 2655 ⁸)
939 2623 983 2650 Ob.
994 2632 1018 2650 (ι.
1030 2628 1098 2650 1218.
1183 2626 1204 2657 ⁹)
1228 2623 1272 2650 Ob.
1282 2632 1356 2650 amm
1368 2626 1391 2649 et
1403 2623 1444 2650 (lie
1456 2624 1556 2649 incerto
1568 2631 1636 2649 saec.
1650 2623 1680 2649 X
1685 2623 1713 2649 V.
1806 2623 1838 2656 ¹⁰)
1861 2622 1906 2649 Ob.

258 2666 323 2688 1254
347 2663 434 2696 April.
450 2668 486 2689 10.
595 2666 626 2696 ¹¹)
646 2665 689 2690 Ad
712 2674 785 2697 quem
809 2666 938 2698 pertinet?
1049 2668 1082 2698 ¹²)
1103 2667 1255 2692 Pc-rtinetne
1278 2667 1315 2692 ad
1336 2666 1529 2700 IVolfyawyum
1556 2666 1709 2699 (fluxim—(ser,
1737 2666 1784 2698 qm·
1807 2669 1909 2692 ‹1.1507

231 2729 237 2732 .
257 2705 322 2732 Dec.
338 2709 371 2731 *24
390 2706 480 2732 obiisse
498 2706 636 2732 traditur?
743 2711 774 2740 ¹³)
799 2708 843 2735 Ob.
857 2718 882 2734 a.
897 2712 959 2735 1539
977 2709 1032 2742 (sed
1050 2709 1113 2735 Dec.
1127 2709 1211 2742 254⁹)
1230 2709 1373 2742 Lindum).
