2054 2948
291 71 352 101 336

342 281 402 307 VII.
416 280 472 307 kal.

351 450 397 477 Vl.
412 450 468 477 kal.

365 664 397 690 V.
410 663 467 690 kal.

352 918 400 945 IV.
414 919 470 944 kal.

356 1176 401 1202 III.
416 1176 472 1202 kal.

369 1478 402 1503 ll.
417 1477 471 1503 kal.

417 1844 471 1870 kal.

358 2141 404 2167 IV.
418 2150 481 2168 non.

901 63 1087 90 DIOECESIS
1106 62 1328 89 LENTIENSIS.

649 150 801 185 Salzburgi.
845 150 984 176 Romanus
1009 150 1068 183 pbr.
1087 149 1116 174 in
1137 148 1326 174 Oxenhausen.
1365 145 1508 180 Religiosa
1527 153 1578 172 sor.
1596 145 1732 176 Barbara,
1755 145 1850 172 monlis
1867 146 1892 172 1¹³
1911 145 1941 172 in

652 193 783 219 Kiebach.
820 192 1050 218 Bartholomaeus
1074 192 1135 225 pbr.
1154 193 1181 217 et
1200 189 1291 216 senior
1315 189 1351 215 ad
1370 188 1466 215 Scotos
1481 188 1613 215 Viennae.
1651 188 1813 214 Franciscus
1831 188 1891 222 pbr.
1910 188 1941 214 in

650 236 773 262 Ossiach.
810 235 925 261 Ioannes
943 234 1012 268 prof.
1026 234 1055 260 in
1074 232 1266 260 Nideraltach.

519 280 560 306 26.
606 279 656 305 Ob.
670 279 768 305 Petrus
792 278 928 304 Ponhalm
954 285 1071 310 magnus
1096 275 1256 302 benefactor
1279 284 1304 300 n.
1349 274 1505 300 Bernardus
1531 283 1572 300 cv,
1590 273 1624 299 de
1647 274 1782 308 Augusta.
1824 273 1941 300 Ioannes

514 451 555 476 27.

514 663 555 689 28.

515 918 555 944 29.

517 1176 559 1203 30.

650 321 727 355 prior
740 321 772 346 de
785 320 933 346 Lambaco.
965 319 1086 345 Michael
1100 317 1229 351 supprior
1241 318 1275 344 de
1289 317 1409 343 Mansee.
1435 316 1467 343 D.
1481 316 1604 343 Andreas
1618 315 1681 342 abb.
1695 316 1731 342 ad
1744 316 1801 342 Sum
1810 315 1941 348 Vitum.¹)

649 363 822 398 Augustinus
841 362 901 396 pbr.
915 362 948 388 de
969 361 1120 388 chiemsee.
1158 360 1374 393 Christophorus
1393 359 1454 393 pbr.
1471 362 1499 385 et
1517 359 1609 386 senior
1632 359 1666 386 de
1685 359 1788 385 Altach
1807 358 1941 386 Inferiori.

650 406 832 440 lldephonsus
852 405 911 438 pbr.
925 405 960 430 ad
980 404 1076 431 Seotos
1089 403 1222 430 Viennae.
1260 402 1416 429 Malachias
1435 402 1494 436 pbr.
1509 402 1537 428 in
1557 402 1787 429 Rottenhaslach.

601 448 819 476 Ob.Berna1·dus
844 448 903 481 pbr.
923 447 956 474 de
978 446 1056 473 Seon.
1098 445 1280 472 Sebastianus
1308 445 1368 479 pbr.
1386 445 1499 472 ibidem.
1544 445 1660 472 Ioannes
1684 445 1744 479 pbr.
1764 445 1797 472 de
1823 445 1942 472 Closter·

651 492 784 525 neuburg.
829 491 860 516 D.
876 490 973 516 Victor
999 490 1063 516 abb.
1082 488 1329 521 Lunaelacensis.²)
1383 488 1570 522 Wolfgangus
1600 488 1677 522 prior
1704 488 1733 514 in
1760 487 1839 515 Seon.
1884 488 1942 520 Iob,

649 534 829 568 Augustinus
850 532 1019 560 Franciscus.
1040 530 1208 560 Ambrosius,
1228 531 1396 557 Benedictus
1416 533 1444 557 et
1457 530 1593 565 Georgius
1611 531 1673 564 pbri
1692 530 1804 558 ibidem.
1834 531 1867 557 D.
1881 530 1942 556 Pla-

651 577 728 603 cidus
741 576 804 602 abb.
819 575 877 601 divi
890 574 1057 601 Emmerami
1071 573 1274 607 Ratisbonae.³)
1305 573 1445 600 Zachaeus
1458 574 1519 607 pbr.
1538 575 1566 600 et
1579 573 1670 600 senior
1683 573 1718 600 ad
1731 573 1788 600 Sum
1799 573 1943 600 Zenonem.

650 619 812 645 Franciseus
832 618 891 651 pbr.
905 618 934 643 in
953 617 1082 649 Seheyrn.

602 662 651 689 Ob.
667 661 809 695 Georgius,
829 661 1015 694 Wolfgangus
1034 660 1095 693 pbri
1114 659 1141 685 in
1162 659 1326 693 Tegernsee.
1363 660 1480 685 Ioannes
1504 659 1538 686 de
1557 659 1712 691 Gottwico,
1731 659 1890 693 Stephanus
1909 658 1943 685 de

649 704 834 731 Seittenstetn
853 704 922 737 pbri.
959 703 1075 729 Ioannes
1096 705 1124 729 et
1137 702 1305 729 Wilhelmus
1325 703 1359 729 de
1379 705 1506 736 Augusta
1524 703 1594 736 pbri.
1631 702 1663 729 D.
1676 703 1793 729 Ioannes
1813 702 1876 728 abb.
1890 701 1944 728 ibi-

649 747 718 773 dem.
760 746 899 780 Agapitus
924 745 984 779 pbr.
1001 746 1035 772 de
1059 745 1278 772 Cremsminster.
1318 745 1448 772 Erasmus
1471 745 1548 779 prior
1575 745 1608 772 de
1631 746 1768 779 Augusta.
1808 745 1944 771 Nicolaus

651 790 710 823 pbr.
725 789 758 816 de
777 789 937 823 Salzburga.
974 788 1017 814 Fr.
1032 787 1184 822 Philippus
1202 788 1272 822 prof.
1285 797 1311 814 n.
1326 797 1348 814 c.
1379 788 1411 815 D.
1425 789 1547 815 Michael
1567 789 1656 819 Burae
1675 788 1700 814 Si
1715 787 1860 815 Michaelis
1880 787 1944 814 abb.

651 832 753 858 Paulus
776 832 836 866 pbr.
852 834 881 858 et
903 831 1042 864 quondam
1065 831 1140 866 prior
1163 831 1192 857 in
1216 831 1395 858 Oberaltach.
1439 831 1631 858 Ferdinandus
1661 840 1702 858 cv.
1721 831 1749 857 in
1775 830 1944 865 Baumburg.

651 875 761 901 Blasius
780 875 838 908 pbr.
856 875 890 901 ad
910 875 967 900 Sum
980 875 1092 901 Petrum
1112 874 1276 908 Salisburgi.

602 918 652 944 Ob.
666 918 789 944 Andreas
812 917 872 951 pbr.
891 918 923 944 de
943 918 974 943 S0
988 917 1084 944 Paulo.
1122 918 1238 944 Ioannes
1258 927 1299 944 cv.
1317 918 1350 944 de
1369 917 1564 944 Seittenstetn.
1609 917 1640 944 D.
1658 916 1815 943 Ludovicus
1834 916 1897 943 abb.
1911 917 1944 943 de

650 961 821 993 Lambaco.4)
875 961 1013 987 Martinus
1040 960 1170 994 supprior
1198 960 1226 986 in
1251 960 1414 994 Tegernsee.
1465 960 1652 987 Columbanus
1679 960 1739 994 pbr.
1761 959 1944 986 Glunicensis.

651 1003 796 1037 (Georgius
821 1003 880 1037 pbr.
901 1003 1146 1037 Prunfeningensis
1171 1003 1237 1029 olim
1264 1003 1395 1037 supprior
1421 1005 1450 1030 et
1474 1012 1552 1037 ppos.
1571 1003 1600 1029 in
1624 1003 1769 1035 Dembau.)
1810 1003 1945 1036 Iosephus

651 1047 711 1080 pbr.
735 1046 768 1072 de
796 1046 918 1072 Mellico.
963 1046 1104 1072 Amandus
1130 1046 1255 1073 subdiac.
1278 1046 1313 1072 ad
1339 1046 1435 1073 Scotos
1459 1046 1593 1073 Viennae.
1640 1046 1808 1073 Bertholdus
1837 1045 1898 1080 pbr.
1916 1045 1945 1071 in

650 1090 779 1115 Admont.
824 1090 866 1115 Fr.
890 1089 1013 1115 Andreas
1041 1098 1081 1115 cv.
1099 1089 1134 1115 ad
1163 1089 1220 1115 Sum
1238 1089 1389 1116 Martinum
1420 1090 1449 1115 in
1476 1089 1610 1124 Ungaria.
1659 1089 1798 1115 Erhardns
1826 1089 1888 1123 pbr.
1910 1089 1945 1115 ad

651 1132 707 1158 Sum
721 1133 923 1159 Emmeramum
944 1132 1123 1159 Ratisbonae.
1160 1134 1191 1158 D.
1207 1133 1320 1159 Carolus
1339 1133 1402 1158 abb.
1417 1132 1445 1158 in
1466 1132 1682 1165 Nideraltaoh.⁵)

604 1175 654 1202 Ob.
671 1175 806 1209 Georgius
820 1175 878 1209 pbr.
893 1176 926 1202 de
940 1175 1102 1209 Salzburga.
1134 1176 1251 1201 Ioannes
1270 1175 1331 1209 pbr.
1345 1176 1379 1202 de
1393 1176 1513 1202 Mansee.
1543 1176 1575 1202 D.
1591 1175 1758 1202 Benedictus
1777 1175 1841 1207 abb.
1855 1184 1880 1202 n.
1896 1175 1945 1207 c.⁶)

652 1218 822 1245 Benedictus
846 1221 874 1245 et
894 1218 1051 1244 Fridericus
1075 1218 1135 1252 pbri
1155 1218 1189 1244 de
1210 1218 1312 1245 Altach
1332 1218 1468 1245 Inferiori.
1510 1218 1608 1245 Petrus
1631 1218 1707 1252 prior
1725 1218 1759 1245 de
1778 1218 1848 1245 Attl.
1886 1218 1945 1244 Flo-

651 1261 745 1287 rianus
759 1262 819 1295 pbr.
832 1261 866 1288 de
880 1263 1014 1295 Augusta.
1047 1261 1201 1287 Emilianus
1214 1262 1274 1294 pbr.
1287 1261 1323 1287 ad
1342 1262 1399 1288 Sum
1412 1261 1615 1288 Emmeramum
1629 1261 1808 1288 Ratisbonae.
1846 1261 1875 1287 P.
1886 1261 1946 1288 Ma-

651 1303 745 1330 rianus
764 1304 798 1330 de
818 1304 937 1330 Mellieo.
969 1304 1026 1330 Sor.
1040 1304 1188 1330 Emtrudis
1207 1304 1283 1337 prosa
1301 1304 1327 1330 in
1349 1304 1485 1339 Nunberg
1503 1303 1666 1338 Salisburgi.
1704 1304 1865 1330 Ambrosius
1884 1304 1945 1338 pbr.

653 1347 681 1373 in
696 1347 858 1380 Tegernsee.
889 1347 971 1373 Anna
985 1346 1165 1373 Abundantia
1184 1347 1260 1380 profa
1277 1347 1306 1373 in
1325 1347 1486 1380 Niderburg
1505 1346 1640 1374 Passavii.
1666 1347 1697 1373 D.
1712 1347 1853 1381 Rupertus
1866 1355 1944 1380 ppos,

654 1390 682 1416 in
696 1389 873 1421 Ghiemsee.⁷)
903 1390 1019 1416 Ioannes
1038 1389 1098 1423 pbr.
1111 1390 1140 1416 in
1161 1390 1352 1417 Seittenstetn.
1384 1390 1511 1425 ignatius
1530 1390 1590 1424 pbr.
1604 1399 1630 1417 n.
1644 1399 1666 1417 c.
1680 1391 1709 1417 et
1728 1390 1793 1416 olim
1807 1390 1946 1424 parochus

653 1433 681 1458 in
701 1433 861 1460 Gafi'lenz.³)
898 1433 1022 1459 Anianus
1041 1433 1156 1459 clericus
1176 1433 1203 1458 in
1223 1433 1466 1467 Closter-neuburg.

552 1497 557 1502 .
604 1476 654 1503 Ob.
668 1476 834 1502 Guilielnius
853 1476 913 1509 pbr.
927 1476 960 1502 (le
980 1476 1099 1502 Mansee.
1136 1476 1257 1502 Michael
1277 1476 1405 1510 supprior
1424 1476 1536 1502 ibidem.
1574 1476 1760 1511 XVolfgangus
1779 1476 1814 1502 ad
1831 1476 1886 1502 Sum
1900 1475 1946 1502 Ze-

653 1528 750 1545 nonem
770 1519 831 1552 pbr.
862 1519 893 1545 D.
909 1519 1047 1545 Erbardus
1066 1519 1129 1545 abb.
1143 1519 1171 1544 in
1192 1519 1435 1552 Cremsminster.⁸)
1467 1519 1622 1545 Ludovicus
1642 1519 1702 1553 pbr.
1716 1519 1829 1545 ibidem.
1867 1518 1945 1545 Chri-

654 1562 802 1595 stophorus
830 1562 951 1588 Michael
983 1562 1044 1595 pbr.
1066 1562 1094 1587 in
1122 1562 1365 1589 Raittenhaslach.
1415 1562 1460 1588 Fr.
1479 1562 1640 1589 Bonifacius
1667 1562 1703 1588 ad
1724 1562 1781 1588 Sum
1801 1562 1945 1588 Zenonem.

652 1604 836 1638 Hieronymus
863 1605 922 1638 pbr.
941 1604 1053 1631 ibidem.
1092 1605 1121 1631 D.
1140 1605 1290 1638 Aquilinus
1313 1614 1391 1639 ppos.
1410 1604 1438 1631 in
1458 1606 1583 1639 Suben.⁹)
1619 1606 1736 1631 Ioannes
1755 1605 1947 1639 sigismundus

653 1648 711 1681 pbr.
726 1647 839 1674 ibidem.
876 1647 1049 1673 Aemilianus
1068 1648 1127 1681 pbr.
1142 1648 1425 1675 Benedictoburanus.
1461 1648 1544 1674 Vitus
1566 1648 1627 1682 pbr.
1640 1648 1674 1674 de
1692 1647 1863 1682 Salisburgo.

1016 1763 1217 1798 APRILIS.

605 1845 654 1871 Ob.
670 1845 792 1871 Andreas
811 1845 871 1878 pbr.
885 1845 918 1871 de
938 1845 1059 1871 Mellico.
1087 1845 1211 1871 Andreas
1224 1845 1284 1878 pbr.
1317 1844 1437 1871 Miehael
1458 1854 1499 1871 cv.
1513 1845 1541 1870 in
1555 1845 1718 1879 Tegernsee.
1750 1845 1866 1871 Ioannes
1884 1845 1947 1879 pbr.

656 1888 689 1914 de
709 1888 859 1914 Gottwieo.
890 1889 1007 1915 loannes
1026 1888 1086 1922 pbr.
1100 1888 1133 1914 de
1152 1888 1273 1914 Mansee.
1303 1887 1440 1914 Henricus
1459 1887 1519 1921 pbr.
1534 1888 1567 1914 de
1585 1887 1779 1914 Seittenstetn.
1812 1887 1947 1921 Virgilius

655 1931 714 1964 pbr.
735 1931 768 1957 de
786 1931 947 1965 Salzburga.
994 1931 1130 1957 Melchior
1157 1931 1216 1964 pbr.
1235 1931 1268 1957 de
1294 1930 1502 1964 Reichersperg.
1548 1930 1665 1957 Iacobus
1691 1930 1751 1964 pbr.
1770 1930 1803 1956 de
1830 1930 1946 1957 Closter-

653 1974 786 2007 neuburg.
829 1974 1036 2000 Illustrissimus
1062 1976 1090 2000 et
1114 1973 1359 2000 reverendissimus
1382 1973 1414 2000 D.
1434 1973 1465 1999 D.
1487 1974 1623 2000 Antonius
1650 1982 1706 2007 eps.
1725 1973 1892 2000 Viennensis
1919 1975 1948 2000 et

653 2016 716 2042 abb.
732 2017 1022 2050 Cremiphanensis.¹⁰)
1059 2016 1232 2050 Augustinus
1252 2017 1312 2050 pbr.
1324 2016 1351 2042 in
1372 2016 1472 2043 Suben.
1510 2015 1684 2042 Coelestinus
1703 2017 1764 2050 pbr.
1778 2016 1806 2042 in
1826 2017 1946 2050 Aspaeh.

656 2059 702 2085 lvo
722 2059 781 2093 pbr.
795 2060 823 2085 in
838 2059 1081 2093 Closterneuburg.
1112 2059 1202 2086 Maria
1221 2059 1369 2086 Francisca
1389 2059 1551 2085 Erentrudis
1570 2059 1646 2093 profu
1665 2059 1693 2085 in
1713 2059 1847 2093 Nunberg
1864 2059 1947 2086 Salis-

655 2102 742 2136 burgi.

605 2144 655 2170 Ob.
669 2144 805 2171 Osvaldus
825 2146 884 2179 pbr.
899 2146 931 2172 de
948 2146 1050 2172 Altach
1065 2146 1201 2172 Inferiori.
1232 2145 1399 2172 Laurentius
1417 2154 1459 2171 ev.
1473 2145 1506 2170 de
1525 2144 1674 2171 Gottwico.
1706 2144 1873 2171 Benedictus
1886 2145 1946 2179 pbr.

657 2188 689 2214 (le
712 2188 856 2214 bambae-0.
889 2189 1011 2215 Michael
1033 2189 1092 2222 pbr.
1107 2189 1141 2215 de
1161 2188 1309 2214 Gottwico.
1341 2188 1475 2214 Nicolaus
1494 2188 1555 2221 pbr.
1565 2187 1599 2214 de
1618 2187 1696 2213 Seon.
1727 2187 1887 2214 Guntherus
1907 2197 1948 2214 cv.

656 2231 688 2255 (le
711 2231 812 2257 Altach
833 2231 965 2257 Inferiori.
1003 2232 1034 2257 D.
1050 2231 1245 2265 Cristophorus
1265 2231 1329 2257 abb.
1348 2231 1376 2256 in
1395 2231 1643 2261 Seittensteten.²¹)
1681 2230 1818 2264 Casparus
1837 2231 1897 2264 pbr.
1912 2230 1948 2257 ad

655 2273 711 2298 511111
738 2274 923 2301 Lambertuui.
976 2274 1116 2301 Conradus
1151 2275 1211 2308 pbr.
1230 2275 1258 2300 in
1287 2274 1451 2307 Tegei-nsee.
1500 2273 1592 2299 Simon
1623 2273 1683 2306 pbr.
1710 2273 1743 2299 de
1767 2273 1800 2300 So
1820 2273 1946 2300 Nicolao.

656 2315 686 2341 D.
704 2316 870 2343 Benedictus
890 2317 952 2343 abb.
967 2317 994 2343 in
1009 2317 1160 2350 Gleink¹²)‚
1180 2318 1251 2351 prof.
1271 2319 1300 2343 et
1313 2317 1451 2350 quondam
1465 2316 1541 2350 prior
1559 2315 1587 2341 in
1601 2316 1827 2343 Cremsmiinster.
1859 2316 1946 2343 Abra-

656 2359 753 2384 hamus
780 2360 840 2393 pbr.
861 2360 893 2387 cle
918 2361 1085 2394 Baumburg.
1127 2360 1298 2387 Theodosius
1325 2360 1385 2393 pbr.
1405 2359 1438 2386 de
1462 2358 1583 2385 Mellico.
1619 2359 1808 2385 Ernmeramus
1831 2359 1892 2393 pbr.
1913 2359 1947 2386 de

657 2401 878 2428 seiri-enstetten.
912 2404 1045 2430 Henricus
1065 2404 1125 2437 pbr.
1140 2412 1171 2430 ex
1187 2403 1311 2430 Canonia
1324 2403 1500 2437 Pollingana.
1532 2404 1648 2429 Ioannes
1662 2402 1721 2436 pbr.
1735 2402 1764 2428 in
1778 2402 1946 2436 Baurnburg.

402 2503 424 2533 a)
444 2504 477 2528 In
497 2506 611 2537 marylne
631 2507 747 2532 additwn
766 2508 865 2538 †l695.

405 2588 423 2618 ¹)
445 2586 489 2613 Ol)-
504 2592 614 2615 (1.1633.
760 2593 780 2623 ²)
800 2592 836 2617 In
860 2594 923 2619 serie
946 2594 1071 2620 abbatum
1095 2603 1150 2620 non
1173 2598 1252 2621 extat.
1405 2596 1425 2627 ³)
1449 2594 1494 2621 Ob.
1509 2598 1620 2627 α.1655,
1643 2594 1698 2620 dies
1723 2594 1794 2619 varie
1816 2593 1946 2619 traditur.

299 2628 320 2661 ⁴)
342 2628 386 2654 Ob.
400 2637 424 2654 a.
436 2633 505 2656 1554.

611 2632 632 2665 5)
656 2634 821 2660 ()b.‹1.11·00.
922 2638 941 2669 1)
963 2636 1008 2663 ob.
1023 2646 1046 2662 α.
1059 2642 1130 2664 1438.
1232 2640 1252 2671 7)
1276 2638 1442 2665 Ob.a.1688.
1545 2639 1565 2669 1>
1589 2638 1634 2664 Ob.
1648 2640 1750 2664 a 1588.
1858 2638 1879 2669 ⁰)
1898 2636 1945 2663 ob.

299 2674 404 2704 α.1678,
425 2671 480 2698 (lies
500 2674 569 2699 varie
587 2674 713 2702 traditur.
821 2678 853 2711 ¹0)
878 2678 922 2705 Ob.
936 2687 960 2704 α.
973 2682 1039 2706 1639.
1148 2683 1180 2713 ¹¹)
1203 2681 1247 2707 Ob.
1261 2685 1369 2707 a.160:?.
1478 2682 1510 2713 12)
1535 2680 1582 2707 Ob.
1595 2684 1704 2707 a.1648.
