2054 2948
705 99 971 126 NECROLOGIUM
990 100 1208 128 GARSTENSE.
1723 109 1784 139 359

493 185 605 212 Martha
638 185 714 219 prof*
746 185 775 211 in
804 185 945 219 Nunberg.
997 186 1027 212 D.
1046 186 1194 221 Gregorius
1223 188 1286 214 abb.
1309 188 1337 214 in
1363 188 1519 224 Scheyrn.¹)
1571 191 1600 217 P.
1620 192 1784 226 Rudolphus

493 228 723 263 Alteuburgensis
743 230 854 254 centum
872 230 901 255 et
919 228 1004 254 trium
1023 232 1190 263 annorum&

259 281 322 299 nou.
376 273 399 299 5.
445 271 495 298 Ob.
516 271 630 298 Carolus
650 272 708 304 pbr.
750 271 847 298 Petrus
875 280 915 297 ev.
937 271 965 297 in
990 272 1154 306 Tegernsee.
1197 273 1382 308 Wolfgangus
1410 278 1438 302 et
1457 276 1638 304 Sebastianus
1666 279 1726 312 pbri
1752 279 1785 306 de

490 314 610 340 Mellico.
656 314 771 340 Ioannes
796 314 869 348 pbr..
894 314 1029 348 Georgius
1057 315 1128 341 diac.
1148 316 1182 342 de
1206 316 1324 343 Mansee.
1371 317 1464 350 vitus.
1492 319 1639 354 Georgius,
1669 321 1781 356 caspar,

492 357 672 389 Laurentius,
698 357 815 391 Caspar,
840 358 974 390 Adamrm,
1001 358 1175 391 Ambrosius,
1200 359 1326 389 loannes.
1351 360 1473 387 Adamus
1498 362 1531 388 de
1555 362 1784 392 Rottenhaslaeh.

492 401 608 427 Ioannes
627 401 687 434 pbr.
700 400 775 434 apud
795 400 850 425 S¹¹¹¹¹
870 400 995 427 Paulum.
1033 401 1222 428 Ferdinandus
1241 410 1282 428 ev.
1297 402 1330 429 de
1350 402 1592 440 Closterneuburg.
1624 406 1785 434 Franciscus

492 444 552 478 pbr.
566 443 740 470 Hilariensis.
777 442 917 469 Romanus
937 444 996 476 pbr.
1015 444 1041 470 in
1062 444 1255 471 Nideraltach.
1291 446 1438 472 Severiuus
1458 447 1517 480 pbr.
1538 448 1571 475 de
1592 448 1785 477 Nideraltach.

490 486 587 512 Gallus
606 486 666 520 pbr.
680 485 708 511 iu
729 485 958 512 Benedictbeiirn.

166 531 238 556 VIII.
253 529 292 556 id.
374 529 398 556 6.
444 529 494 555 Ob.
509 529 607 555 Petrus
620 528 854 560 Wenzenhueber,
868 528 1030 555 benefactor
1043 538 1068 556 n.
1092 531 1124 556 D.
1136 530 1283 557 Udalricus
1297 531 1329 558 de
1345 532 1499 566 Tegei-nsee
1513 533 1576 560 abb.
1588 534 1615 560 in
1629 534 1785 568 Scheyrn.²)

490 572 616 598 Andreas
640 572 674 598 de
697 571 851 603 Gottwico,
872 572 1057 606 wolfgangus
1085 573 1118 599 (19
1142 573 1254 600 Mellico
1278 574 1347 608 pbri.
1394 575 1510 602 Ioannes
1534 576 1593 610 pbr.
1611 577 1644 603 de
1668 578 1786 605 Closter-

493 614 627 649 neuburg.
674 615 706 640 D.
727 614 917 640 Emmeramus
940 615 1003 641 abb.
1027 615 1060 641 de
1084 615 1206 647 Beurn.³)
1252 617 1419 644 Benedictus
1443 618 1510 644 olim
1535 619 1611 653 prior
1633 622 1661 646 et
1680 630 1736 647 sen.
1756 621 1784 648 in

492 657 622 688 Admont,
643 657 765 683 iubilaeo
784 657 933 684 sacerdotii
954 658 1061 684 duobus
1080 659 1160 684 annis
1179 661 1328 693 superstes.
1366 661 1455 687 Maria
1474 661 1642 696 Magdalena
1662 664 1738 697 profa
1758 665 1784 690 in

489 700 625 734 Nunberg
645 699 810 734 Salisburgi.
856 701 898 727 Fr.
919 701 1076 727 Edmundus
1097 701 1212 728 clericus
1236 702 1264 728 in
1284 703 1484 730 Michelbeurn.
1521 705 1705 740 Hieronymus
1725 707 1785 740 pbr.

491 744 527 770 ad
545 744 602 770 Sum
618 743 829 770 Emmeramum.
867 744 896 769 Ρ.
912 744 1060 770 Menradus
1079 745 1148 778 prof.
1162 745 1366 772 Admontensis.

178 788 238 814 VII.
252 787 290 814 id.
374 788 398 814 7.
444 787 494 813 Ob.
508 787 539 813 D.
554 787 688 813 Henricus
702 787 764 813 abb.
779 787 806 813 in
821 787 1007 821 Tegei-umes)
1040 788 1153 814 Ioannes
1173 797 1213 814 ον,
1227 788 1260 814 (19
1274 789 1394 815 Mellico.
1427 790 1548 817 Michael
1562 791 1622 825 pbr.
1637 792 1669 818 de
1683 792 1785 819 Altach

492 830 625 856 Inferiori.
662 830 814 856 Baithasar
833 832 862 856 et
882 830 1039 856 Leonardus
1059 831 1119 864 pbri
1140 831 1173 857 de
1191 831 1353 866 Salzburga.
1391 833 1421 859 D.
1436 833 1552 860 Ioannes
1571 834 1703 868 Baptista
1723 836 1786 863 abb.

491 873 595 898 Altach
619 872 805 906 Superioris.⁵)
853 872 974 898 Thomas
1002 873 1062 906 pbr.
1085 873 1113 899 in
1139 874 1236 900 Mettn.
1285 875 1314 901 D.
1332 875 1437 902 Paulus
1466 876 1528 903 abb.
1547 877 1574 903 in
1599 878 1786 912 Tegernsee.⁶)

492 915 643 942 Catharina
673 915 810 942 Richildis
843 916 917 949 pr0f²⁴
946 915 975 941 in
1003 916 1219 943 Hochenwarth.
1273 917 1413 945 Marianus
1442 919 1501 952 pbr.
1524 919 1553 946 in
1581 919 1786 948 Seittenstettn.

491 959 640 992 Philippus
667 959 726 992 pbr.
748 958 989 992 Baumburgensis.
1036 958 1182 985 udalricus
1209 960 1268 993 pbr.
1287 962 1315 986 et
1337 961 1477 994 quondam
1504 962 1561 989 dec.
1580 963 1608 989 in
1634 963 1786 991 Chiemsee.

493 1002 523 1028 D.
537 1001 703 1028 Godefridus
722 1002 786 1028 abb.
800 1001 834 1027 ad
854 1002 995 1034 Montes&

190 1044 237 1071 VI.
252 1044 287 1071 id.
371 1045 395 1071 8.
441 1044 492 1071 Ob.
510 1044 541 1070 D.
560 1044 643 1078 Syrus
668 1044 730 1070 abb.
750 1054 775 1070 u.
795 1046 841 1076 οὓ)
885 1044 1019 1078 Georgius
1045 1045 1104 1078 pbr.
1131 1045 1165 1071 de
1189 1045 1351 1071 Ratisbona.
1397 1046 1527 1073 Placidus
1550 1048 1609 1081 pbr.
1632 1049 1659 1074 et
1678 1057 1733 1074 sen.
1753 1049 1787 1075 de

493 1088 596 1113 Altach
628 1087 762 1114 Inferiori.
808 1087 907 1114 Petrus
932 1087 991 1121 pbr.
1010 1087 1043 1114 de
1066 1088 1165 1114 Beiirn.
1219 1088 1335 1115 Ioannes
1359 1089 1419 1122 pbr.
1437 1089 1465 1115 in
1491 1089 1655 1125 Altenburg.
1697 1091 1786 1118 Maria

492 1130 568 1164 prosa
588 1130 615 1156 in
635 1130 768 1164 Nuuberg
787 1130 950 1164 Salisburgi.
988 1130 1158 1156 Octavianus
1179 1131 1236 1163 pbr.
1252 1130 1430 1158 Ossiacensis.

202 1174 233 1200 V.
248 1174 285 1200 id.
370 1174 394 1201 9.
442 1173 492 1200 Ob.
511 1173 647 1199 Antonius
676 1182 717 1199 ον.
740 1173 772 1199 de
799 1173 921 1200 Mansee.
968 1173 1102 1207 Georgius
1131 1173 1163 1199 de
1191 1173 1317 1205 MellicO,
1342 1174 1446 1201 vitalis
1474 1175 1508 1201 de
1535 1175 1688 1210 Sulzburga
1717 1177 1785 1211 pbri,

494 1216 524 1242 D.
541 1216 712 1250 Augustinus
732 1216 796 1242 abb.
812 1216 846 1242 de
866 1216 943 1242 Cella
963 1216 1101 1247 Mariaefl)
1138 1217 1267 1242 Castulus
1286 1226 1327 1242 cv.
1347 1217 1380 1243 de
1400 1217 1562 1245 Ratisboua.
1599 1219 1733 1253 Georgius
1752 1220 1785 1246 de

491 1259 610 1286 Mellieo.
652 1258 804 1292 Exuperius
824 1258 900 1292 prior
919 1259 952 1284 de
970 1259 1074 1285 Altach
1091 1259 1224 1285 lnferiori.
1256 1259 1344 1286 Maria
1358 1260 1499 1287 Dorothea
1519 1262 1595 1295 prosa
1614 1262 1641 1288 in
1661 1262 1786 1289 Hochen-

492 1302 590 1328 warth.
627 1302 658 1328 D.
673 1301 822 1335 Gregorius
841 1301 905 1328 abb.
923 1302 958 1327 ad
978 1301 1033 1327 Sum
1057 1302 1217 1328 Udulricum
1240 1303 1391 1336 Augustae.
1433 1303 1464 1328 D.
1481 1303 1636 1330 Bernarclus
1656 1314 1734 1339 ppos.
1753 1306 1786 1331 de

491 1345 772 1378 Closterneuburgw)
814 1345 892 1371 Oddo
917 1345 977 1378 pbr.
997 1354 1030 1371 ex
1056 1345 1176 1372 Monsee.
1217 1345 1362 1371 Anselmus
1388 1346 1448 1379 pbr.
1463 1346 1491 1371 iu
1510 1347 1613 1373 Altaeh
1638 1347 1786 1381 Superiori.

492 1388 579 1414 Lucas
599 1388 658 1421 pbr.
673 1388 785 1414 ibidem.

190 1430 235 1457 IV.
250 1431 286 1457 id.
355 1432 394 1457 10.
440 1430 490 1457 Ob.
507 1431 536 1457 D.
548 1431 645 1457 Petrus
664 1431 693 1456 in
713 1431 875 1465 Tegemsee,
895 1431 960 1457 olim
982 1431 1044 1457 abb.
1060 1431 1087 1456 in
1102 1430 1280 1461 Wessobrun,
1300 1431 1416 1458 Ioannes
1435 1431 1469 1458 de
1484 1433 1618 1466 Augusta.
1638 1432 1785 1459 Zacharias

489 1474 522 1500 de
547 1474 744 1501 Seittenstettn
768 1475 836 1507 pbri.
879 1474 988 1500 Marcus
1013 1474 1046 1500 de
1073 1474 1241 1503 Ratisbona‚
1266 1474 1452 1508 wolfgangus
1479 1474 1512 1500 de
1538 1475 1691 1510 Salzburga
1716 1476 1785 1510 pbri.

487 1517 519 1543 D.
541 1517 662 1544 Thomas
692 1526 769 1551 ppos.
788 1517 816 1543 in
836 1517 1115 1550 Closterneuburg.¹¹)
1163 1517 1206 1543 Fr.
1225 1517 1325 1543 Daniel
1352 1526 1393 1543 ον.
1412 1517 1524 1544 ibidem.
1568 1517 1785 1552 Christophorus

490 1560 550 1593 pbr.
564 1560 597 1585 de
616 1559 648 1586 80
662 1561 776 1587 Zenone.
808 1560 1000 1594 Chuuigundis
1020 1560 1095 1593 profa
1116 1560 1143 1585 in
1156 1560 1292 1593 Nunberg
1310 1559 1474 1594 Salisburgi.
1505 1561 1635 1587 Placidus
1654 1562 1713 1595 pbr.
1726 1571 1784 1589 n.c.

490 1603 705 1636 Christophorus
734 1603 794 1637 pbr.
813 1603 1017 1630 Gottwicensis.
1059 1603 1149 1629 Maria
1167 1603 1294 1629 Susanna
1320 1604 1396 1637 prosa
1419 1603 1448 1628 in
1469 1604 1602 1638 Nunberg
1621 1604 1783 1639 Salisburgi.

490 1645 593 1671 Paulus
619 1655 660 1672 CV.
682 1646 708 1672 iu
736 1646 837 1672 Suben.
882 1646 972 1672 Maria
1000 1646 1077 1679 prof-²
1103 1648 1131 1672 et
1161 1654 1211 1672 sor.
1240 1646 1264 1671 1’ιι
1289 1646 1318 1671 in
1342 1645 1475 1672 Kiebach.
1518 1647 1548 1673 D.
1563 1647 1702 1673 Romanus
1721 1648 1783 1674 abb.

489 1688 626 1715 Altachae
659 1689 860 1722 Superioris.¹²)
911 1689 1046 1723 Georgius
1079 1689 1140 1722 pbr.
1168 1688 1196 1714 in
1225 1689 1341 1715 canonia
1374 1689 1784 1724 Augustiniano-Leopoldina.

494 1732 631 1757 Antonius
650 1734 678 1758 et
698 1732 801 1758 Paulus
820 1732 881 1766 pbri
901 1732 935 1757 ad
956 1732 1011 1757 Sum
1028 1731 1171 1758 Zenonem.

190 1773 237 1799 ΙΙΙ.
252 1773 288 1799 id.
355 1774 395 1799 11.
441 1773 491 1800 Ob.
506 1774 643 1800 Matthias
664 1783 720 1800 acc.
735 1775 767 1800 de
789 1775 951 1800 Ratisbona.
988 1774 1081 1800 sixtus
1101 1774 1134 1800 de
1149 1774 1251 1800 Altach
1266 1773 1414 1807 Superiori,
1435 1774 1615 1801 Sebastianus
1634 1775 1667 1801 de
1682 1775 1783 1802 Altach

490 1817 614 1843 Inferior-i
635 1817 703 1850 pbri.
734 1818 851 1844 Ioannes
871 1826 910 1843 CV.
925 1817 958 1843 de
972 1817 1179 1843 Seittenstettn.
1214 1817 1329 1843 Ioannes
1349 1817 1464 1843 clericus
1484 1817 1518 1843 de
1532 1817 1652 1844 Mellico.
1686 1818 1715 1844 D.
1729 1818 1784 1844 Au-

492 1860 585 1886 tonius
604 1869 630 1885 n.
647 1870 668 1886 c.
687 1860 879 1886 meritissimus
899 1860 1014 1891 abb.¹³)‚
1039 1862 1137 1893 postea
1155 1859 1298 1886 Scotorum
1319 1859 1454 1886 Viennae.
1492 1859 1606 1886 Carolus
1625 1860 1735 1887 subdec.
1755 1861 1784 1887 iu

490 1902 645 1936 Pollingen.
688 1903 833 1930 Udalrieus
859 1903 918 1936 pbr.
938 1903 973 1929 ad
997 1903 1041 1929 SUS
1055 1903 1216 1929 Udalricuin
1241 1905 1268 1929 et
1288 1902 1400 1929 Affram.
1438 1903 1552 1929 Ioannes
1571 1903 1631 1937 pbr.
1646 1903 1782 1930 Hilarien-

491 1945 535 1971 sis.
578 1946 689 1972 Maurus
717 1946 776 1979 pbr.
793 1946 826 1972 de
847 1946 949 1972 Altach
969 1945 1104 1972 Inferiori.
1147 1945 1261 1972 Carolus
1286 1945 1345 1978 pbr.
1362 1945 1390 1971 in
1416 1945 1584 1973 Gottweieh.
1626 1946 1784 1973 Leonardus

491 1997 530 2014 cv.
544 1988 572 2014 in
591 1989 690 2015 Mettn.
728 1989 855 2023 Ignatius
874 1989 933 2023 pbr.
949 1989 977 2014 in
998 1989 1067 2015 Atti.

203 2030 237 2057 II.
252 2031 288 2056 id.
358 2031 397 2057 1²2.
444 2031 496 2058 Ob.
510 2032 686 2058 Weinmarus
700 2032 886 2066 Teurwenger
905 2034 932 2058 et
947 2032 1118 2065 Cuuigundis
1138 2041 1182 2058 ux.
1195 2031 1262 2062 eius,
1282 2032 1473 2058 benefactores
1491 2032 1526 2057 ni.
1558 2032 1700 2058 Cunradus
1720 2032 1783 2059 abb.

488 2083 514 2100 n.
530 2077 590 2105 C.¹⁴)
626 2075 820 2108 Sigismundus
840 2085 880 2102 cv,
900 2076 933 2102 de
953 2076 1072 2102 Mansee.
1114 2075 1255 2101 Fabianus
1274 2075 1334 2108 pbr.
1353 2075 1386 2101 de
1406 2074 1613 2101 Seittenstettn.
1650 2075 1784 2109 Aegidius

491 2118 550 2150 pbr.
565 2117 597 2143 de
618 2118 689 2144 Atti,
720 2118 870 2152 Philippus
884 2118 943 2152 pbr.
959 2118 1136 2145 Mellicensis.
1173 2117 1334 2143 Frauciscus
1354 2117 1414 2151 pbr.
1428 2117 1456 2143 in
1476 2117 1584 2144 Gleink.
1615 2118 1784 2145 Adalbertus

489 2169 530 2186 cv.
544 2170 569 2186 n.
584 2170 606 2187 c.

252 2201 288 2227 id.
356 2201 396 2228 13.
444 2202 494 2229 Ob.
509 2203 540 2228 D.
555 2203 756 2229 Udalschalcus
776 2203 839 2230 abb.
858 2203 886 2229 in
906 2204 1108 2238 Tegernsee.¹⁵)
1145 2204 1176 2229 D.
1194 2203 1322 2237 Raphael
1342 2203 1406 2229 abb.
1419 2203 1453 2229 de
1473 2203 1576 2229 Altach
1596 2203 1783 2237 Superiori.¹⁶)

488 2246 629 2272 Erhardus
654 2246 778 2272 subdiac.
797 2247 830 2272 de
854 2247 974 2273 Mellico.
1015 2247 1174 2280 Stephanus
1198 2247 1256 2280 pbr.
1275 2247 1308 2272 de
1331 2246 1548 2273 Cremsminster.
1590 2246 1781 2280 Sigismundus

490 2298 530 2315 ον.
545 2289 578 2315 (19
598 2289 699 2315 Altaeh
719 2289 870 2323 Superiori.
901 2289 1023 2316 Michael
1042 2290 1076 2316 de
1095 2289 1216 2320 Mellico.
1236 2289 1428 2323 Sigismundus
1443 2289 1502 2323 pbr.
1516 2289 1628 2316 ibidem.
1660 2289 1783 2316 Christo-

488 2331 592 2365 phorus
611 2332 671 2365 pbr.
687 2332 720 2358 de
740 2332 958 2359 Cremsminster.
996 2333 1136 2358 Romanus
1155 2332 1285 2365 subprior
1308 2332 1336 2357 in
1356 2331 1487 2364 Scheyrn.
1524 2332 1653 2358 Placidus
1673 2332 1732 2365 pbr.
1753 2335 1782 2359 et

487 2374 578 2401 senior
596 2374 625 2400 in
644 2375 773 2401 Admont.
811 2375 945 2401 Henrieus
965 2375 1024 2409 pbr.
1041 2375 1068 2401 iu
1088 2375 1306 2402 Michaelbeiirn.

229 2468 252 2499 a)
273 2468 307 2493 Ῑη
325 2469 441 2502 margine
459 2470 574 2494 additum
596 2469 670 2496 1702.

233 2543 252 2575 ¹)
276 2543 321 2570 Ob.
338 2552 362 2570 α.
376 2547 448 2571 1693.
577 2547 598 2577 ²)
619 2546 654 2572 H.
668 2554 695 2572 n.
713 2546 772 2578 IV„
791 2546 827 2572 ob.
839 2555 862 2572 α.
876 2549 942 2573 1311.
1070 2548 1089 2579 ³)
1110 2546 1132 2572 I.
1148 2555 1168 2572 e.
1182 2546 1407 2577 Illiclmelbeuern,
1427 2546 1466 2572 ob.
1480 2554 1504 2572 a.
1518 2549 1585 2572 1566.
1704 2545 1724 2576 ⁴)
1746 2544 1783 2570 H.

129 2592 157 2610 oz.
170 2584 204 2617 L,
224 2585 262 2612 ob.
275 2593 294 2612 c.
306 2590 414 2613 c1.1242.
516 2589 537 2621 ⁵)
557 2588 603 2614 Ad
622 2597 696 2622 quem
713 2588 883 2620 referendimz
902 2588 956 2615 est?
1056 2590 1076 2621 6)
1100 2588 1145 2615 Ob.
1159 2597 1184 2615 α.
1198 2592 1271 2620 1624,
1291 2588 1346 2614 dies
1367 2589 1437 2614 rarie
1456 2587 1586 2614 traditur.
1687 2589 1707 2619 ⁷)
1729 2587 1782 2612 Ad-

126 2627 277 2660 moMensis,
296 2628 321 2654 h.
335 2637 361 2656 oz.
372 2629 442 2662 HL,
462 2629 500 2656 ob.
514 2639 538 2656 a.
551 2635 622 2657 1702.
730 2632 750 2663 ⁸)
772 2631 884 2664 Ob.post
897 2640 921 2657 α.
934 2636 1000 2658 1151.
1106 2632 1126 2663 ⁵³)
1145 2631 1190 2657 Ob.
1205 2634 1308 2657 a.1505.
1417 2632 1450 2663 ¹⁰)
1470 2630 1507 2657 H.
1520 2638 1546 2656 n.
1561 2630 1608 2661 II„
1622 2629 1662 2656 ob.
1675 2638 1700 2656 a.
1714 2633 1781 2655 1675.

130 2670 161 2701 ¹¹)
183 2669 228 2696 Ob.
242 2675 346 2698 a.161·2.
451 2673 483 2705 ¹²)
507 2672 555 2699 Oh.
569 2682 594 2700 α.
605 2677 674 2706 1695.
693 2673 749 2700 <lies
768 2675 839 2700 varie
858 2674 984 2701 traditur.
1091 2676 1121 2706 ¹³)
1141 2674 1177 2700 H.
1192 2683 1219 2700 oz.
1231 2674 1280 2705 11.,
1300 2674 1339 2700 ob.
1357 2682 1382 2701 α.
1395 2677 1469 2700 1648.
1575 2675 1607 2705 ¹⁴)
1627 2672 1673 2698 Ad
1691 2675 1782 2698 utrum

123 2712 256 2743 pertinet?
364 2716 395 2746 ¹⁵)
419 2714 464 2741 Ob.
477 2723 502 2741 α.
515 2719 585 2742 1102.
695 2718 725 2748 ¹⁸)
747 2716 792 2743 Ob.
806 2725 830 2742 α.
843 2720 914 2744 1433.
