2054 2948
724 89 988 117 NECROLOGIUM
1008 92 1226 120 GARSTENSE.
1741 103 1798 134 331

508 175 623 201 Metten.
661 174 842 202 Sebastianus
862 176 922 210 pbr.
939 176 966 202 in
987 176 1151 211 Tegernsee.
1189 179 1360 206 Aemilianus
1385 181 1445 216 pbr.
1465 183 1500 209 ad
1520 183 1577 210 Sum
1595 185 1746 212 Μαι-11111111]
1774 187 1801 214 in

507 217 660 244 Pannonia.

221 261 252 287 V.
268 261 304 287 id.
389 261 413 287 9.
459 260 509 287 Ob.
523 261 555 287 D.
571 260 728 287 Ludovicus
747 260 810 287 abb.
824 260 852 286 iu
872 261 1061 294 Tegernsee.¹)
1103 263 1251 295 Antonius,
1272 264 1389 292 Ioannes
1409 267 1471 300 pbri
1490 268 1523 294 (16
1542 268 1702 304 Salzburga.
1740 271 1802 298 Bal-

508 303 604 330 thasar
631 304 692 338 pbr.
711 303 746 330 de
771 304 907 337 Augusta..
954 304 1123 331 Benedictus
1149 306 1210 339 pbr.
1230 306 1264 333 de
1288 307 1438 336 Gottwico.
1485 310 1663 339 Leonhardus
1690 314 1749 347 pbr.
1769 315 1802 342 de

507 346 628 373 Mansee.
665 346 803 380 Caspams
822 354 879 372 aee.
894 346 927 373 de
947 347 1082 380 Augusta.
1120 347 1233 375 Gabriel
1253 349 1313 383 pbr.
1328 351 1361 376 de
1381 351 1544 386 Tegernsee.
1576 355 1692 382 Iaeobus
1712 357 1803 384 senior

506 389 542 415 ad
566 389 622 415 Sum
636 389 806 415 Udalricum.
847 389 1027 423 Menegoldus
1050 391 1112 424 pbr.
1131 391 1316 420 GlunicensiS.
1359 394 1534 429 Theophilus
1560 398 1621 431 pbr.
1640 399 1674 426 (16
1698 401 1801 426 Altach

506 431 642 458 Inferiori.
678 431 842 458 Elisabetha
861 432 938 465 profa
956 432 985 458 in
1004 433 1220 461 Hochenwarth.

212 475 259 501 1V.
273 475 309 501 id.
373 474 412 501 10.
458 474 507 501 Ob.
522 474 626 501 Paulus
638 474 699 508 pbr.
711 475 740 500 in
755 474 918 509 Tegernsee.
946 476 1131 511 Wolfgangus
1144 478 1205 511 pbr.
1217 479 1250 505 de
1266 478 1369 505 Altach
1380 479 1516 508 inferiori.
1546 482 1727 510 Sebastianus
1742 486 1801 519 pbr.

507 517 539 543 de
559 517 719 552 Salzburga.
757 517 839 544 Vitus
859 519 918 552 pbr.
940 519 974 546 de
993 520 1096 546 Altach
1116 520 1251 548 Inferiori.
1290 522 1379 548 Lucas
1398 523 1457 556 pbr.
1478 524 1511 550 (le
1530 524 1632 552 Altach
1652 527 1802 561 Superiori.

507 560 704 587 Constantinus
723 569 779 587 ace.
797 561 833 587 ad
852 561 909 588 Sum
922 562 1074 589 Mai-tinum
1097 563 1125 589 in
1144 563 1278 599 Ungaria..
1317 565 1475 592 Leonardus
1499 569 1527 594 et
1547 567 1645 594 Petrus
1663 569 1724 603 pbri
1738 570 1802 597 Glu-

505 603 638 630 nicenses.
675 603 831 637 Leopoldus
849 605 909 638 pbr.
923 605 1101 632 Mellicensis.

206 646 256 672 III.
272 646 309 673 id.
376 647 416 673 11.
461 645 511 673 Ob.
525 646 557 672 D.
571 646 758 681 Wolfgangus
777 647 840 674 abb.
855 648 888 674 de
902 647 1076 681 Gottwico.²)
1106 649 1254 677 Udalrieus
1273 651 1334 684 pbr.
1348 652 1382 678 de
1401 652 1505 679 Altach
1519 653 1655 681 Inferiori.
1687 656 1802 684 loannes

506 689 581 723 prior
609 689 641 715 de
669 690 791 716 Mausee.
841 690 989 717 Udalricus
1017 700 1059 718 ev.
1082 691 1111 717 in
1139 692 1303 726 Tegernsee.
1348 694 1483 728 Georgius
1516 704 1557 722 cv.
1580 696 1613 723 de
1640 697 1801 734 Salzburga.

505 732 536 758 D.
550 732 679 759 Urbanus
702 733 766 759 abb.
786 733 819 759 de
839 733 984 767 Mellico.³)
1023 735 1198 762 Burchardus
1225 737 1284 770 pbr.
1304 737 1337 763 (16
1360 738 1465 764 Altach
1488 739 1623 766 Inferiori.
1667 741 1802 776 Georgius

508 775 567 808 pbr.
591 775 623 801 de
644 775 856 810 Reichersperg.
903 777 1039 811 Georgius
1067 779 1128 811 pbr.
1151 778 1264 805 ibidem.
1314 780 1429 806 Ioannes
1457 781 1490 807 de
1518 782 1746 811 Humrechtsried
1773 787 1801 812 et

503 818 673 852 Magdalena
683 828 727 846 ux.
738 819 805 851 eius,
820 820 1010 847 benefactores
1023 821 1057 847 ni.
1089 821 1269 848 Godehardus
1284 823 1344 856 pbr.
1358 824 1391 850 (16
1406 824 1505 850 Altaeh
1520 825 1655 853 inferiori.
1687 827 1801 856 loannes

504 862 565 896 pbr.
579 862 612 888 de
625 862 776 889 Lambach.
811 863 922 890 Samuel
941 865 1071 898 supprior
1084 865 1257 892 Hilariensis.
1296 866 1459 892 Franciscus
1479 866 1538 900 pbr.
1552 877 1577 893 n.
1592 876 1613 894 e.
1646 869 1800 897 Fridericus

505 905 565 939 pbr.
580 905 608 931 in
629 905 872 941 Closterneuburg.
908 908 1070 934 Ambrosius
1088 908 1123 934 ad
1141 907 1198 934 S¹¹¹¹¹
1211 908 1346 935 Zenonem
1366 909 1454 941 deest)

222 948 256 974 ll.
270 947 306 973 id.
375 948 414 973 12.
462 947 512 974 Ob.
531 948 690 982 Stephanus
709 949 769 982 pbr.
791 949 824 976 de
844 950 966 977 Mellico.
1007 950 1174 977 Benedictus
1198 951 1258 985 pbr.
1275 951 1308 977 de
1328 951 1431 978 Altach
1455 952 1604 987 Superiori.
1643 954 1800 989 Stephanus

504 991 564 1024 pbr.
584 991 617 1017 de
637 991 800 1018 Seitnstetn.
836 993 867 1018 D.
882 993 1047 1026 Rudolphus
1067 1002 1145 1027 ppos.
1159 994 1192 1020 de
1212 994 1481 1029 Closterneubu1·g.⁴)
1513 995 1709 1031 Ferdinandus,
1728 999 1800 1026 Mat-

505 1035 612 1066 thaeus,
626 1035 770 1067 melchior.
786 1035 948 1067 Rieliarclus‚
962 1036 1146 1070 Hieronymus
1160 1037 1221 1070 pbri
1232 1037 1344 1063 ibidem.
1374 1038 1509 1064 Antonius
1520 1040 1658 1072 quondam
1672 1043 1801 1076 supprior

506 1077 534 1103 in
549 1078 766 1104 Crenisminster.
799 1078 936 1112 Casparus
956 1079 1032 1113 prior
1050 1080 1083 1105 de
1102 1080 1173 1106 Attl.
1204 1080 1232 1106 P.
1247 1080 1365 1114 Magnus
1379 1081 1582 1109 Lambaeensis.
1614 1083 1799 1120 Wolfgangus

504 1121 565 1154 pbr.
580 1120 787 1155 priflingensis.
817 1122 897 1148 Anna
911 1122 999 1148 Paula
1017 1123 1095 1155 prof-³
1107 1122 1135 1148 in
1151 1122 1309 1157 Niderburg
1322 1123 1456 1150 Passavii.
1488 1124 1565 1151 Felix
1580 1126 1638 1159 pbr.
1658 1126 1686 1152 iu
1700 1127 1799 1155 Subeu.

504 1163 642 1189 Martinus
661 1172 702 1190 cv.
718 1164 752 1190 ad
772 1164 829 1189 Sum
843 1164 956 1191 Petrum
976 1164 1140 1199 Salis-burgi.

267 1206 303 1232 id.
373 1206 413 1232 13.
459 1205 509 1232 Ob.
528 1206 690 1232 Matthaeus
714 1207 772 1240 pbr.
795 1207 828 1233 de
850 1207 1012 1234 Ratisbona.
1051 1208 1195 1234 Florianus
1220 1209 1280 1241 pbr.
1299 1208 1333 1235 de
1353 1209 1571 1237 Cremsuiinster.
1609 1212 1640 1238 D.
1655 1212 1799 1240 Chiliunus

505 1249 568 1276 abb.
582 1249 616 1275 (16
634 1249 822 1283 Salzburga.⁵)
859 1250 973 1276 Carolus
993 1250 1052 1284 pbr.
1067 1251 1099 1277 de
1119 1251 1222 1277 Altach
1242 1251 1378 1278 Inferiori.
1416 1252 1514 1279 Petrus
1534 1262 1574 1280 ον.
1588 1254 1616 1280 in
1637 1255 1799 1289 Tegemsee.

504 1291 677 1318 Aemilianus
696 1292 755 1326 pbr.
771 1293 806 1319 ad
825 1292 881 1319 S⁰¹¹¹
896 1293 1108 1320 Emmeramum.
1145 1293 1320 1328 Augustinus
1340 1295 1400 1328 pbr.
1414 1295 1441 1320 in
1461 1295 1571 1322 Gleink.
1608 1298 1719 1324 Maurus
1738 1300 1798 1333 pbr.

504 1344 567 1362 n.c.
604 1335 749 1369 Aegidius,
775 1336 925 1369 Casparus,
950 1337 1062 1363 Maurus
1090 1340 1118 1363 et
1142 1337 1306 1363 Franciscus
1329 1338 1389 1371 pbri
1407 1338 1588 1365 Mellicenses.
1635 1341 1667 1367 D.
1686 1341 1797 1369 Gabriel

504 1378 567 1404 abb.
582 1378 610 1404 in
623 1377 838 1410 Seittenstet11.⁶j
869 1379 1033 1405 Lambertus
1047 1379 1107 1413 pbr.
1121 1380 1154 1406 de
1168 1379 1288 1406 Mellico.
1319 1380 1350 1406 D.
1365 1380 1504 1407 Romanus
1524 1382 1587 1409 abb.
1601 1383 1629 1409 in
1647 1383 1799 1418 Prissing.⁷)

503 1421 677 1454 Augustinus
696 1421 756 1455 pbr.
771 1421 798 1447 in
814 1422 916 1448 Altach
930 1422 1079 1455 Superiori.
1112 1422 1295 1456 Ildepbonsus
1309 1423 1369 1456 pbr.
1384 1423 1418 1450 ad
1437 1424 1493 1449 Sum
1508 1425 1620 1451 Petrum
1634 1426 1799 1462 Salisburgi.

504 1464 536 1490 D.
549 1464 673 1490 Adamus
692 1473 770 1498 ppos.
785 1465 813 1490 iu
833 1464 1101 1499 Closte1·neubu1-g.⁸)
1139 1466 1255 1492 Iacobus
1275 1466 1414 1498 quondam
1434 1467 1509 1500 prior
1527 1468 1555 1494 iu
1575 1469 1694 1496 Mellico.

178 1507 250 1533 XVI.
265 1507 320 1533 kal.
368 1507 407 1533 14.
455 1507 504 1533 Ob.
521 1506 681 1541 Stephanus
701 1508 760 1541 pbr.
774 1508 808 1534 de
822 1508 971 1534 Gottwieo.
1004 1509 1144 1542 Rupertus
1163 1508 1287 1535 subdiac.
1302 1509 1335 1535 de
1349 1509 1450 1536 Altach
1466 1511 1603 1538 Inferiori.
1635 1513 1798 1545 Alexander,

504 1551 634 1581 Ioannes,
664 1551 785 1577 Miehael
814 1551 875 1585 pbri
898 1552 931 1578 (16
957 1551 1199 1585 Closterneuburg.
1250 1552 1414 1578 Guilielmus
1444 1554 1471 1579 et
1500 1554 1649 1587 Aquilinus
1677 1556 1737 1589 pbri
1765 1557 1798 1583 de

504 1593 714 1627 Reiehersperg.
753 1594 867 1620 Carolus
888 1595 947 1627 pbr.
967 1595 1000 1621 de
1020 1594 1188 1621 Chiemseee.
1226 1595 1258 1621 D.
1273 1595 1408 1629 Georgius
1428 1595 1490 1622 abb.
1510 1597 1543 1623 de
1563 1597 1642 1623 Cella.
1661 1598 1799 1632 Mariaefl)

503 1635 636 1663 silvester
660 1645 700 1663 ον.
719 1637 747 1662 in
771 1637 997 1664 Cremsmiinster.
1035 1637 1227 1671 Sigismundus
1250 1638 1310 1671 pbr.
1329 1638 1362 1664 de
1387 1638 1510 1665 Ossiaeh.
1547 1640 1671 1666 Andreas
1690 1641 1750 1674 pbr.
1770 1641 1798 1667 in

505 1678 747 1713 Closterneuburg.
784 1680 874 1706 Maria
894 1681 1012 1714 losepha
1031 1681 1107 1714 profa
1126 1681 1152 1706 in
1173 1681 1388 1707 Hoehenwarth.

192 1722 251 1748 XV.
266 1722 322 1748 kal.
369 1722 408 1748 15.
454 1721 504 1748 Ob.
519 1722 549 1748 D.
569 1722 733 1748 Bertholtlus
759 1722 874 1754 abb.¹⁰)‚
904 1723 1038 1749 Hem-icus
1066 1723 1125 1756 pbr.
1145 1723 1173 1749 in
1193 1724 1358 1757 Tegernsee.
1404 1723 1538 1757 Georgius
1562 1724 1621 1757 pbr.
1640 1725 1674 1751 de
1694 1726 1798 1752 Altach

504 1764 653 1798 Superiori.
691 1765 825 1799 Georgius
845 1766 905 1799 pbr.
919 1775 944 1792 n.
959 1775 981 1792 c.
1022 1767 1140 1793 Ioannes
1160 1766 1219 1800 pbr.
1240 1767 1273 1792 (16
1294 1766 1513 1793 Creinsminster.
1551 1767 1667 1794 Ioannes
1687 1769 1746 1802 pbr.
1764 1769 1797 1796 de

504 1807 668 1841 Tegernsee.
715 1808 853 1841 Casparus
882 1809 1006 1835 subdiac.
1028 1810 1060 1836 (le
1086 1809 1326 1836 Raittenhaslach.
1376 1809 1509 1836 Nicolans
1538 1813 1567 1836 et
1592 1811 1741 1844 Gregorius
1768 1811 1797 1837 in

504 1850 614 1876 oleink.
652 1850 741 1876 Maria
761 1851 921 1878 crescentia.
945 1852 1052 1878 srnonlis
1075 1852 1103 1878 in
1128 1852 1262 1886 Nunberg
1285 1853 1448 1887 Salisburgi.
1492 1853 1581 1880 Maria
1605 1855 1718 1881 Aurelia
1744 1855 1798 1888 pri-

503 1893 588 1919 orissa
608 1893 636 1919 iu
656 1893 836 1928 Niclernburg
855 1894 990 1921 Passavii.

178 1936 252 1962 XIV.
266 1937 322 1963 kal.
371 1937 410 1962 lb'.
457 1936 506 1962 Ob.
519 1936 654 1970 Georgius
673 1945 730 1963 acc.
744 1937 777 1964 de
796 1937 916 1964 Mellico.
948 1938 1090 1972 Georgius.
1110 1938 1246 1972 Caspai-us·
1267 1938 1326 1972 pbri
1346 1939 1379 1965 dc
1397 1939 1546 1966 Gottwico.
1577 1940 1717 1973 Agapitus
1737 1941 1796 1974 pbr.

504 1979 536 2006 de
561 1979 778 2006 Creuisminster.
828 1981 969 2006 Conradus
996 1990 1035 2007 cv.
1054 1981 1166 2007 ibidem.
1214 1981 1347 2007 Hem-icus
1371 1982 1475 2008 Streler
1499 1984 1526 2008 et
1550 1982 1730 2016 Margaretha
1754 1993 1797 2010 ux.

504 2022 573 2051 eius,
601 2023 792 2049 benefactores
817 2024 852 2049 ni.
895 2024 1053 2050 &erhardus
1077 2024 1136 2058 pbr.
1157 2024 1191 2050 (16
1215 2024 1317 2050 Altach
1343 2024 1479 2051 Inferiori.
1524 2024 1662 2059 Casparus
1686 2026 1746 2060 pbr.
1764 2027 1796 2053 de

504 2064 612 2091 Melico.
651 2064 718 2091 Otto
738 2065 797 2099 pbr.
812 2066 840 2091 in
859 2066 1008 2093 Lambach.
1046 2067 1176 2093 Placidus
1197 2067 1255 2101 pbr.
1270 2067 1305 2093 ad
1325 2069 1421 2094 Scotos
1442 2067 1573 2094 Viennae.

178 2108 252 2134 xm.
266 2108 322 2134 kal.
370 2108 409 2135 17.
456 2107 506 2135 Ob.
524 2107 646 2134 Michael
670 2108 730 2141 pbr.
749 2118 773 2134 n.
788 2118 810 2135 e.
854 2109 1020 2136 Benedictus
1045 2110 1105 2144 pbr.
1123 2110 1157 2136 de
1177 2110 1325 2136 Gottwieo.
1374 2111 1468 2136 Sixtus
1495 2111 1555 2144 pbr.
1576 2111 1608 2136 de
1634 2111 1796 2138 Formbuch.

503 2151 631 2184 Raphael
646 2152 706 2185 pbr.
721 2154 749 2178 et
768 2152 844 2185 prior
863 2153 896 2178 de
916 2153 986 2179 Attl.
1018 2153 1175 2179 Leonardus
1189 2162 1356 2179 oeconomus
1376 2153 1488 2179 ibidem.
1522 2153 1553 2179 D.
1569 2154 1699 2180 Arsenius
1719 2163 1796 2187 ppos.

503 2193 531 2219 in
555 2194 744 2226 Chiemseefl)
790 2195 928 2221 Matthias
951 2195 1011 2229 pbr.
1030 2196 1064 2222 acl
1088 2196 1144 2221 Sum
1164 2196 1307 2223 Zenonem.
1360 2197 1528 2223 Benedictus
1556 2197 1615 2230 pbr.
1633 2196 1662 2222 iu
1687 2197 1796 2224 Gleink.

502 2237 634 2263 Rabanus
648 2237 707 2270 pbr.
720 2237 747 2263 in
762 2238 926 2272 Altenburg.
959 2239 1068 2265 Ruttina
1081 2239 1188 2265 sinonlis
1202 2240 1278 2273 prof*
1290 2239 1319 2264 in
1333 2239 1492 2273 Niderburg
1505 2239 1640 2266 Passavii.
1672 2239 1796 2266 lulianus

499 2279 558 2312 pbr.
578 2279 606 2305 iu
626 2280 776 2307 Lambach.
814 2281 981 2308 Benedictus
1002 2282 1060 2315 pbr.
1079 2291 1104 2308 n.
1120 2291 1141 2308 c.
1179 2282 1324 2308 Chilianus
1347 2282 1407 2316 pbr.
1426 2282 1454 2308 iu
1474 2282 1593 2315 Polling.
1632 2282 1797 2309 Laurentius

502 2322 561 2355 pbr.
576 2322 603 2348 iu
624 2323 833 2357 Reichersperg.
870 2325 982 2350 Maurus
1001 2325 1061 2358 pbr.
1076 2325 1102 2350 in
1123 2325 1316 2351 Nideraltaeh.

187 2362 317 2390 X11.kal.
365 2363 404 2390 18.
450 2363 500 2390 Ob.
518 2365 620 2391 Paulus
640 2374 680 2392 ev.
701 2365 729 2391 in
750 2366 911 2400 Tegernsee.
954 2367 1095 2393 Com-auus
1114 2367 1174 2400 pbr.
1193 2368 1226 2394 de
1247 2370 1380 2402 Augusta.
1425 2367 1542 2394 Ioannes
1560 2367 1620 2401 pbr.
1640 2367 1673 2393 (16
1693 2368 1796 2394 Altach

504 2407 638 2434 Inferiori.
693 2409 853 2436 Bouifacius
896 2410 957 2443 pbr.
984 2410 1016 2436 de
1048 2411 1126 2436 Seon.
1195 2412 1227 2437 D.
1255 2411 1405 2437 Balthusur
1439 2410 1503 2436 abb.
1533 2410 1560 2435 in
1595 2410 1794 2443 Tegei-nsec.¹²)

501 2449 532 2476 D.
547 2451 670 2477 Andreas
688 2451 752 2478 abb.
769 2452 802 2478 (16
823 2452 925 2478 Altach
944 2452 1130 2486 Supeii01·i.³³)
1163 2453 1334 2479 Gotthardus
1356 2453 1416 2486 pbr.
1428 2453 1461 2479 de
1477 2453 1642 2486 Tegernsee.
1680 2453 1795 2479 Ioannes

246 2522 268 2553 ³)
290 2523 362 2553 ,deest
382 2532 461 2548 manu
479 2525 534 2549 alia
553 2529 589 2550 est
607 2525 740 2550 adlectum.

248 2581 266 2611 ¹)
291 2581 335 2607 Ob.
349 2590 374 2608 α.
385 2585 458 2609 1286,
552 2584 573 2615 ²)
592 2583 628 2609 H.
644 2591 670 2609 11.
682 2584 731 2615 11.,
751 2584 790 2610 ob.
808 2593 833 2610 a.
846 2587 920 2610 14⁶6.
1015 2586 1034 2615 ³)
1054 2585 1091 2611 H.
1110 2593 1136 2611 n.
1149 2584 1187 2617 L,
1207 2585 1245 2611 ob.
1260 2588 1366 2611 ((1587.
1457 2586 1478 2616 4)
1498 2584 1565 2610 Dies
1578 2593 1642 2610 anu.
1658 2592 1743 2617 neque
1757 2584 1794 2609 ad

143 2623 293 2656 Rudolfum
309 2625 330 2652 Ι.
351 2633 430 2659 neque
442 2626 480 2653 Π.
500 2629 565 2652 certe
584 2627 680 2658 reth-ri
693 2630 788 2660 potest.
914 2629 933 2660 5)
958 2628 1003 2653 Ob.
1017 2636 1042 2654 (ι,
1054 2631 1122 2654 1535.
1248 2629 1268 2660 ⁶)
1292 2628 1337 2654 Ob.
1352 2637 1376 2654 rc.
1389 2631 1461 2654 1674.
1581 2630 1601 2658 τ)
1626 2627 1672 2653 Ob.
1686 2637 1710 2653 (ι,
1724 2631 1792 2652 1⁶57.

142 2668 162 2698 Β)
186 2667 231 2694 ob.
245 2671 350 2694 (61681.
495 2669 516 2703 ⁹)
536 2669 572 2695 H.
587 2678 612 2696 n.
623 2670 662 2696 ΙΙ.
682 2670 786 2696 ridetur
805 2678 868 2702 esse,
895 2671 935 2697 οἵ).
950 2680 974 2697 (ι.
986 2674 1060 2702 1610,
1085 2671 1139 2697 dics
1167 2671 1236 2696 varie
1260 2670 1388 2696 traditur.
1531 2670 1564 2702 ΣΠ)
1590 2670 1793 2703 Teyernsemzsis,

141 2708 166 2734 h.
181 2717 206 2735 η.
219 2709 243 2736 Ι,
263 2710 300 2737 ob.
314 2714 414 2737 a.1:?17'.
524 2712 556 2745 ¹¹)
578 2712 625 2738 Ob.
639 2721 664 2739 (ι.
674 2715 743 2738 1⁶:13.
853 2714 885 2744 ¹²)
908 2713 952 2739 Ob.
966 2722 991 2739 a.
1002 2716 1073 2739 1508.
1182 2714 1214 2744 13)
1239 2713 1284 2738 Ob.
1298 2721 1322 2738 α.
1334 2716 1401 2739 1553.

1535 2762 1584 2788 4-1(-
