2054 2948
253 81 314 131 345

287 163 359 189 XVI.
374 162 429 188 kal.

300 417 359 443 XV.
372 417 428 443 kal.

289 587 361 614 XIV.
375 587 430 614 kal.

282 800 358 826 XIII.
371 800 427 826 kal.

301 1099 360 1125 XII.
374 1100 430 1126 kal.

315 1314 360 1340 XI.
375 1313 429 1340 kal.

330 1485 362 1512 X.
377 1485 432 1511 kal.

316 1742 360 1767 lX.
375 1742 430 1767 kal.

290 1998 363 2023 VIII.
379 1998 433 2023 kal.

302 2210 362 2236 VH.
377 2210 430 2237 kal.

476 161 516 187 17.

477 416 516 442 18.

477 586 517 613 19.

472 799 514 825 ΞΟ,

476 1099 518 1125 21.

475 1742 515 1767 24.

478 2212 519 2237 ⁶26.

869 70 1050 98 DIOECESIS
1069 69 1291 97 LENTIENSIS.

565 160 616 187 Ob.
630 159 777 186 Udalricus
797 158 858 191 pbr.
871 157 904 183 de
924 157 1059 190 Augusta,
1079 155 1215 188 Georgius
1233 155 1267 181 de
1286 154 1496 186 Seittenstettn,
1516 153 1662 180 oswaldus
1681 154 1715 181 de
1734 154 1838 181 Altach
1857 155 1903 181 In-

612 202 705 228 feriori
726 201 793 234 pbri.
829 198 1022 234 Sigismundus
1046 198 1080 223 de
1098 197 1223 228 Mellico.
1244 196 1337 223 Sixtus
1356 196 1390 223 de
1409 196 1537 229 Augusta
1555 196 1625 230 pbri.
1661 196 1774 224 Gabriel
1793 198 1854 232 pbr.
1869 198 1902 224 de

611 244 775 278 Tegernsee.
806 242 946 268 Marianus
959 241 1018 274 pbr.
1030 239 1203 266 Hilariensis.
1231 239 1402 265 Romualdus
1415 239 1475 272 pbr.
1485 239 1515 265 in
1526 238 1744 266 Cremsminster.
1773 240 1904 267 D.Bene-

614 287 704 313 dictus
728 285 790 312 abb.
810 285 836 310 in
859 284 953 317 Attl.¹)
989 283 1033 309 Fr.
1054 282 1201 308 Udalrious
1224 281 1293 315 prof.
1314 281 1342 307 in
1365 280 1496 314 Scheyrn.
1537 281 1630 308 Simon
1652 282 1713 316 pbr.
1730 282 1759 308 in
1784 282 1904 309 Closter-

612 329 745 362 neuburg.
783 326 937 353 Bernartius
956 326 1017 359 pbr.
1030 325 1066 351 ad
1086 324 1143 351 Sum
1162 324 1368 350 Emmeramum
1387 323 1567 351 Ratisbonae.
1605 325 1636 351 D.
1650 325 1805 352 Bernardus
1824 334 1902 359 ppos.

612 372 647 398 ad
667 372 723 397 Sum
737 370 904 401 Zeuonen1.²)
940 369 988 394 Ivo
1008 368 1067 401 pbr.
1082 367 1110 393 in
1130 367 1250 400 Polling.

562 415 614 442 Ob.
629 414 798 440 Benedictus
817 412 876 445 pbr.
914 410 1059 436 Udalricus
1079 418 1120 436 ον.
1139 410 1173 435 de
1192 409 1340 436 Gottwico.
1377 410 1499 436 Thomas
1518 410 1577 444 pbr.
1592 411 1625 436 de
1645 411 1748 437 Altach
1768 410 1903 437 Inferiori.

611 457 642 483 D.
658 457 788 488 Quirinus
807 455 869 481 abb.
885 454 914 480 in
934 454 1122 488 'segernsee.³)
1160 453 1277 479 loannes
1295 453 1356 486 pbr.
1371 454 1399 479 et
1418 453 1551 486 Georgius
1571 463 1612 480 cv.
1625 463 1651 480 n.
1665 462 1687 480 c.
1718 453 1902 486 Hieronymus

610 500 671 533 pbr.
688 499 720 525 de
734 498 882 525 Gottwieo.
914 496 1077 522 Franciscus
1090 496 1150 529 pbr.
1164 495 1197 521 de
1213 495 1452 522 Raittenhaslach.
1483 496 1651 523 Benedictus
1664 496 1725 530 pbr.
1739 496 1767 522 in
1781 496 1905 523 Mallers-

611 542 683 568 torff.
720 539 880 567 Bonifacius
900 539 960 572 pbr.
974 539 1008 564 ad
1028 537 1085 564 Sum
1099 538 1211 564 Petrum
1232 537 1394 572 Salisburgi.

563 585 615 611 Ob.
630 583 808 610 Leonhardus
827 582 887 616 pbr.
907 582 939 607 de
959 581 1037 607 Cella
1056 581 1171 607 Mariae.
1208 580 1388 607 Wenceslaus
1410 583 1440 608 et
1459 581 1634 607 Christianus
1653 581 1714 615 pbri
1732 582 1766 608 de
1786 581 1905 609 Seitten-

610 628 705 653 stettn.
731 626 762 652 D.
777 625 887 651 Blasius
901 624 965 651 abb.
977 624 1010 650 de
1025 623 1212 656 Ratisbonaf)
1238 623 1410 658 Augustinus
1422 624 1482 657 pbr.
1493 624 1526 651 de
1539 624 1700 659 Salzburga.
1725 625 1906 652 Sebastianus

610 669 686 703 prior
708 669 736 695 in
762 668 870 695 Gleink.
916 667 1055 693 Martinus
1079 675 1119 692 cv.
1139 667 1172 693 de
1194 667 1323 692 Admont.
1377 667 1500 694 Andreas
1523 667 1584 701 pbr.
1602 667 1636 693 de
1660 667 1904 694 Raittenhaslach.

610 713 752 738 Marianus
772 711 831 744 pbr.
850 710 878 736 in
898 709 1007 737 Gleink.
1045 709 1209 742 Rudolphus
1232 709 1292 743 pbr.
1310 709 1343 735 de
1367 709 1565 736 Michelbeurn.
1603 710 1634 736 D.
1652 710 1770 736 Ioannes
1789 711 1906 737 Iacobus

610 755 674 781 abb.
692 754 720 780 in
740 755 878 785 Metten.⁵)
920 753 950 779 D.
969 752 1109 778 Romanus
1127 752 1191 779 abb.
1213 752 1240 778 in
1261 752 1364 783 Seonfi)
1401 753 1568 779 Benedictus
1591 753 1667 787 prior
1690 753 1723 779 de
1744 752 1906 780 Ratisboua.

560 798 611 824 Ob.
626 797 782 823 Bernartius
795 795 919 822 subdiac.
935 795 968 822 de
982 795 1085 821 Altaeh
1099 795 1234 821 Inferiori.
1266 794 1364 821 Gallus
1383 795 1459 829 prior
1478 795 1589 822 ibidem.
1622 796 1737 822 Ioannes
1756 796 1789 822 de
1802 796 1906 822 Altach

612 839 761 873 Superiori,
776 839 874 866 Petrus
887 839 921 864 de
935 838 1091 872 Tegernsee
1104 838 1173 871 pbri.
1198 837 1335 872 Georgius
1347 838 1406 872 pbr.
1422 839 1455 865 de
1468 838 1686 865 Oremsminster.
1716 838 1831 865 Alexius
1844 839 1905 873 pbr.

612 883 645 910 de
665 882 858 908 Nideraltaeh.
894 882 949 908 Leo
968 881 1028 915 pbr.
1042 883 1070 907 et
1087 890 1143 908 sen.
1157 881 1190 907 de
1208 881 1359 907 chiemsee.
1396 881 1426 906 Di
1443 881 1559 907 Ioannes
1578 881 1709 916 Baptista
1726 884 1755 908 et
1769 881 1906 908 Gerardus

611 926 731 958 alJbe⁵⁷)‚
759 925 937 955 Guilielmus,
963 924 1104 950 Conradus
1128 926 1156 950 et
1178 923 1278 950 Daniel
1302 924 1362 958 pbri
1384 924 1413 950 in
1431 924 1674 951 Raittenhaslach.
1711 924 1858 951 Udalrious
1877 926 1906 951 et

611 969 731 995 Thomas
756 968 815 1001 pbri
841 968 869 993 in
891 968 966 993 Rott.
1010 967 1040 993 D.
1060 966 1240 993 Sebastianus
1260 975 1338 1000 ppos.
1358 966 1385 992 in
1411 967 1678 1001 Closterneuburg.⁸)
1715 967 1827 994 Maurus
1846 967 1907 1001 pbr.

610 1011 639 1037 in
660 1011 788 1037 Admont.
832 1010 922 1036 Maria
946 1012 1026 1036 Anna
1045 1009 1220 1036 Scholastica
1239 1010 1315 1043 profa
1338 1012 1367 1036 et
1386 1010 1518 1043 priorissa
1541 1010 1569 1036 iu
1588 1010 1724 1043 Nunberg
1742 1009 1907 1044 salisburgi.

613 1055 745 1080 Ernestus
764 1054 824 1087 pbr.
841 1053 1043 1079 Admontensis.

564 1097 614 1124 Ob.
630 1098 798 1123 Wernherus
818 1105 874 1130 eps.
888 1096 1103 1130 Bambergensis
1113 1098 1141 1129 ⁹).
1162 1095 1322 1122 benefactor
1340 1105 1366 1122 n.
1404 1095 1513 1121 Blasius
1532 1104 1588 1122 acc.
1602 1104 1627 1121 n.
1643 1103 1665 1121 c.
1701 1095 1732 1121 D.
1747 1094 1907 1128 Stephanus

613 1141 676 1166 abb.
691 1141 725 1167 de
739 1140 897 1173 Mellico.¹⁰)
929 1139 1064 1165 Nicolaus
1078 1138 1138 1172 pbr.
1152 1139 1185 1164 de
1200 1138 1362 1165 Ratisbona.
1395 1138 1532 1171 Casparus
1545 1137 1628 1171 prior,
1647 1137 1826 1164 Sebastianus
1846 1138 1905 1172 pbr.

612 1184 645 1209 de
665 1183 767 1209 Altach
792 1182 927 1208 Inferiori.
973 1181 1166 1215 Sigismundus
1189 1181 1248 1215 pbr.
1268 1181 1301 1207 de
1320 1180 1441 1207 Mellico.
1487 1181 1518 1206 D.
1536 1180 1704 1207 Bertholdus
1727 1181 1789 1207 abb.
1803 1190 1828 1207 n.
1844 1182 1904 1214 c.¹¹)

612 1226 749 1252 Martinus
768 1225 827 1260 pbr.
842 1225 876 1252 de
897 1225 965 1251 Attl.
997 1224 1180 1250 Balthasarus
1200 1224 1259 1258 pbr.
1274 1224 1306 1250 de
1326 1224 1425 1250 Beiirn.
1458 1223 1641 1250 Colomannus
1660 1223 1718 1257 pbr.
1730 1224 1764 1249 de
1784 1224 1903 1251 Mellieo.

614 1269 781 1295 Benedictus
801 1268 860 1302 pbr.
875 1268 910 1294 ad
929 1268 985 1293 Sum
999 1268 1149 1294 Martinum
1169 1267 1197 1293 iu
1217 1266 1368 1293 Pannonia.

512 1333 517 1338 .
563 1311 614 1338 Ob.
630 1311 818 1345 Wolfgangus
837 1311 897 1344 pbr.
911 1311 945 1337 de
964 1311 1084 1337 Mellico.
1123 1309 1317 1344 Sigismundus
1336 1310 1396 1344 pbr.
1410 1310 1444 1336 de
1464 1309 1680 1336 Cremsminster.
1713 1309 1905 1344 Sigismundus

613 1355 672 1389 pbr.
687 1355 720 1380 de
737 1354 880 1380 Lambaco.
916 1354 1042 1379 Urbanus
1055 1353 1115 1387 pbr.
1129 1353 1163 1379 de
1177 1353 1279 1379 Altach
1293 1352 1440 1386 Superiori.
1473 1353 1594 1379 Thomas
1609 1353 1684 1386 prior
1702 1353 1736 1378 de
1755 1353 1786 1378 S⁰
1798 1353 1906 1380 Emme-

613 1406 696 1424 ramo.
735 1397 929 1431 Sigismuudus
948 1397 1007 1430 pbr.
1023 1396 1055 1423 de
1077 1397 1174 1422 Beiirn.
1210 1395 1346 1430 Georgius
1366 1395 1424 1429 pbr.
1439 1396 1471 1422 de
1491 1395 1708 1423 Cremsminster.
1739 1395 1906 1422 Valentinus

614 1441 672 1474 pbr.
687 1440 714 1466 in
735 1440 977 1472 Closterneubnrg.
1017 1439 1182 1465 Lambertus
1201 1439 1259 1473 pbr.
1275 1440 1304 1465 et
1322 1447 1378 1465 seu.
1398 1439 1427 1465 in
1446 1438 1524 1465 Seon.

563 1484 614 1510 Ob.
633 1484 663 1509 D.
683 1483 826 1509 Conradus
851 1483 915 1509 abb.
933 1483 966 1508 de
991 1482 1192 1514 Ratisbona.12)
1238 1481 1406 1508 Bertboldus
1429 1484 1458 1508 et
1481 1482 1620 1508 conradus
1644 1482 1705 1516 pbri
1728 1482 1762 1508 de
1786 1482 1906 1509 Seitten-

612 1528 709 1553 stettn.
755 1526 888 1552 Nicolaus
913 1526 971 1559 pbr.
986 1526 1019 1551 de
1045 1525 1077 1551 SO
1092 1525 1187 1551 Paulo.
1233 1524 1369 1551 Matthias
1388 1525 1479 1550 novius*
1497 1524 1526 1550 in
1546 1525 1756 1559 Reichersperg.
1802 1525 1906 1551 Tobias

613 1570 672 1603 pbr.
691 1569 724 1595 de
749 1569 781 1595 S⁰
796 1569 891 1595 Paulo.
938 1568 1103 1595 Benedictus
1130 1568 1205 1601 prior
1228 1567 1302 1601 apud
1323 1568 1420 1594 Scotos
1441 1568 1572 1594 Viennae.
1610 1568 1776 1594 Guilielmus
1795 1570 1824 1594 et
1845 1568 1907 1594 Ale—

614 1612 717 1638 xander
742 1612 802 1645 pbri
826 1612 858 1637 de
879 1611 1097 1638 Cremsminster.
1136 1610 1252 1636 Thiemo
1277 1611 1337 1643 pbr.
1358 1610 1391 1636 de
1411 1610 1560 1637 Gottwico.
1597 1611 1717 1637 Isidorus
1743 1610 1858 1638 clericus
1878 1611 1906 1636 in

612 1655 711 1681 Suben.
754 1654 920 1681 Guilielnius
951 1655 1011 1687 pbr.
1036 1656 1063 1680 et
1092 1662 1146 1680 sen.
1172 1654 1198 1678 iu
1224 1653 1430 1679 Seittenstettu.
1476 1653 1659 1687 Hieronymus
1682 1656 1711 1681 et
1735 1654 1907 1680 Herculanus

613 1698 672 1730 pbri
692 1698 719 1723 in
739 1697 838 1723 Suben.

562 1741 614 1767 Ob.
632 1741 796 1774 Lampertus
816 1740 875 1774 pbr.
896 1740 929 1765 de
950 1740 1029 1766 Secu.
1067 1739 1253 1773 Chrisogonus
1273 1739 1332 1772 pbr.
1346 1739 1374 1764 in
1394 1739 1556 1773 Tegei-nsee.
1577 1740 1675 1771 postea
1694 1738 1909 1765 Carthusiensis.

614 1784 763 1817 Dionysius
788 1783 864 1816 prior
887 1784 919 1809 de
947 1782 1108 1809 Ratisbona.
1152 1782 1319 1809 Benedictus
1346 1782 1405 1815 pbr.
1427 1782 1460 1808 de
1485 1781 1701 1808 Cremsminster.
1743 1781 1774 1807 D.
1788 1781 1906 1808 Ioannes

613 1827 676 1852 abb.
694 1827 727 1853 de
748 1826 825 1852 Cella
844 1826 996 1858 Mariae.¹³)
1034 1826 1064 1851 D.
1080 1826 1147 1852 Otto
1166 1825 1230 1851 abb.
1244 1834 1269 1850 n.
1283 1826 1341 1855 0¹⁴)
1379 1825 1520 1851 Conradus
1539 1824 1598 1858 pbr.
1613 1824 1648 1850 ad
1668 1825 1724 1850 sum
1737 1824 1907 1850 Florianum.

613 1869 806 1903 Sigismundus
825 1869 858 1895 de
879 1869 1121 1902 Closterneuburg.
1162 1868 1296 1901 Virgilius
1315 1877 1356 1894 cv.
1370 1868 1403 1894 de
1423 1867 1584 1901 Salzburga.
1622 1866 1785 1893 Laurentius
1804 1866 1864 1900 pbr.
1879 1866 1907 1892 in

614 1912 824 1946 h'eichersperg.
868 1912 896 1938 Ρ.
918 1912 992 1938 Beno
1017 1911 1092 1945 prior
1117 1911 1267 1937 Rottensis.
1313 1911 1450 1937 Ger-ardus
1477 1910 1536 1944 pbr.
1555 1910 1583 1935 in
1607 1909 1711 1936 Mariae
1738 1910 1822 1936 Cella.
1867 1910 1907 1936 Fr.

611 1956 782 1989 Seraphinus
802 1955 924 1981 subdiac.
940 1955 975 1981 ad
994 1954 1050 1980 Sum
1066 1954 1216 1980 Martinuin
1236 1954 1263 1979 in
1286 1953 1437 1980 Pannonia.

497 1999 520 2024 Γ.
566 1998 617 2024 Ob.
632 1998 807 2024 Christianus
827 2000 855 2024 et
868 1997 1026 2031 Pyrmiuius
1046 1997 1105 2030 pbri
1125 1997 1158 2023 de
1171 1997 1273 2023 Altach
1288 1996 1421 2023 Inferiori.
1454 1996 1495 2021 Fr.
1509 1995 1697 2029 Wolfgangus
1715 1995 1749 2020 de
1763 1995 1909 2021 Lamban-0.

614 2041 656 2067 Fr.
675 2040 773 2066 Petrus
801 2041 833 2067 de
860 2042 996 2074 Augusta.
1042 2040 1203 2066 Matthaeus
1230 2040 1263 2066 de
1288 2040 1414 2071 Mausee,
1444 2039 1585 2065 Conradus
1610 2038 1643 2064 de
1669 2037 1809 2064 Gottwieo
1838 2037 1907 2071 pbri.

615 2084 769 2109 Rern-ardus
794 2084 826 2109 de
851 2084 1017 2116 Salzburga.
1046 2083 1166 2109 Thomas
1191 2083 1223 2109 de
1244 2083 1346 2109 Altaeh
1366 2077 1491 2108 Inferiori
1514 2081 1582 2115 pbri.
1619 2081 1748 2113 Ioannes,
1773 2080 1907 2114 Georgius

613 2127 672 2160 pbri
693 2127 720 2152 iu
744 2126 952 2160 Reiehersperg.
986 2126 1100 2152 Carolus
1119 2125 1246 2159 sul-prior
1265 2126 1292 2151 in
1306 2126 1421 2152 Metteu.
1454 2125 1496 2150 Fr.
1510 2124 1676 2158 Fulgentius
1695 2124 1729 2150 de
1747 2123 1779 2149 S⁰
1793 2123 1908 2149 Zenone.

614 2169 769 2202 Leopoldus
789 2170 848 2203 pbr.
864 2169 1048 2195 Glunicensis.
1086 2168 1261 2194 Aemilianus
1281 2169 1340 2202 pbr.
1355 2168 1388 2193 de
1409 2167 1511 2194 Altach
1531 2166 1665 2193 Inferiori.

565 2212 616 2238 Ob.
636 2212 666 2238 D.
688 2213 802 2239 Ioannes
823 2213 882 2246 pbr.
901 2213 927 2238 in
949 2212 1114 2246 Tegerusee.
1149 2212 1214 2237 olim
1243 2211 1306 2237 abb.
1328 2210 1422 2237 Cellae
1446 2210 1597 2241 Mariae.¹³)
1642 2209 1767 2235 Andreas
1791 2208 1850 2242 pbr.
1875 2208 1908 2234 de

617 2255 767 2281 Gottwieo.
804 2255 907 2281 Paulus
931 2265 972 2281 cv.
991 2256 1024 2282 de
1049 2255 1127 2281 Cella
1150 2255 1264 2281 Mariae.
1302 2253 1438 2287 Georgius
1457 2253 1491 2279 de
1509 2252 1716 2279 Seittenstettn.
1736 2251 1908 2285 Augustinus

615 2298 648 2323 de
667 2298 821 2332 Salzburga
842 2299 909 2331 pbri.
948 2298 990 2324 Fr.
1011 2298 1150 2323 Romanus
1170 2297 1203 2323 de
1223 2296 1301 2323 Cella
1319 2296 1434 2322 Mariae.
1473 2295 1654 2321 Godehardus
1673 2294 1733 2328 pbr.
1751 2294 1785 2320 de
1805 2294 1908 2319 Altach

616 2340 749 2366 Inferiori.
782 2341 968 2375 Wolfgangus
988 2341 1113 2367 subdiac.
1127 2341 1160 2367 de
1181 2341 1277 2366 Peiirn.
1309 2339 1505 2365 Burckhardus
1524 2339 1584 2371 pbr.
1598 2338 1631 2364 de
1650 2337 1754 2364 Altaeh
1773 2336 1907 2362 Inferiori.

616 2384 731 2409 Ioannes
750 2385 810 2417 pbr.
824 2384 858 2410 ad
879 2384 934 2409 Sum
950 2384 1054 2410 Yitum.
1085 2383 1260 2410 Scholastica
1279 2383 1356 2416 profa
1374 2382 1402 2408 in
1422 2382 1556 2415 Nubnerg
1575 2380 1737 2414 Salisburgi.
1772 2379 1908 2406 Adrianus

616 2426 673 2458 pbr.
698 2428 724 2452 et
749 2435 804 2452 sen.
825 2426 857 2451 tle
878 2427 996 2452 Mellico.
1039 2426 1138 2452 Petrus
1162 2426 1221 2459 pbr.
1242 2426 1270 2451 in
1295 2425 1424 2451 Admont.
1465 2423 1606 2450 Castorius
1633 2432 1673 2449 cv.
1691 2423 1719 2448 in
1743 2423 1907 2456 Tegernsee.

362 2518 381 2548 ¹)
403 2517 437 2543 H.
451 2525 478 2542 τι.
492 2517 541 2549 11..
562 2518 600 2544 ob.
615 2523 721 2545 (1.1669.
806 2522 827 2553 ²)
847 2520 883 2546 H.
898 2520 986 2552 21.11.‚
1005 2520 1044 2546 ob.
1058 2530 1083 2546 a.
1095 2524 1167 2546 1696.
1253 2522 1273 2552 ³)
1294 2520 1330 2546 H.
1344 2520 1430 2551 21.IJ.‚
1449 2519 1488 2546 ob.
1500 2522 1600 2545 a.1594
1613 2518 1750 2550 (Imzi18.‚
1764 2517 1907 2550 Lindner).

260 2560 279 2590 ⁴)
304 2558 386 2584 012.st
401 2563 468 2585 1575.
592 2563 611 2592 ⁵)
633 2561 678 2587 Ob.
692 2566 797 2593 a.1668,
816 2563 869 2588 dies
890 2563 960 2589 rnrie
978 2563 1104 2589 traditur.
1233 2564 1253 2595 ⁶)
1275 2562 1320 2589 Ob.
1334 2571 1358 2588 a.
1371 2566 1443 2588 1671.
1571 2562 1592 2593 ⁷)
1612 2560 1746 2586 Iohannes
1766 2559 1848 2592 Bapt.
1869 2559 1908 2585 ob.

258 2605 356 2627 a.1417
374 2601 429 2627 Iuli
442 2605 482 2634 20,
505 2602 642 2629 Gerardus
659 2609 755 2630 (1.1676
774 2605 843 2631 Mai.
856 2609 896 2631 25.
1030 2607 1049 2637 ⁸)
1073 2606 1121 2632 Ob.
1141 2615 1166 2631 (ι.
1183 2609 1260 2631 1686.
1390 2606 1409 2638 ⁹)
1432 2605 1476 2631 Ob.
1490 2613 1515 2630 a.
1529 2607 1597 2635 1335,
1616 2603 1673 2629 dies
1693 2603 1763 2629 varie
1782 2602 1908 2628 traditur.

262 2645 293 2675 ¹⁰)
318 2644 362 2669 Ob·
377 2647 485 2670 ιιι-1453.
593 2647 623 2677 ¹¹)
642 2646 686 2671 Ad
703 2655 775 2679 quem
795 2648 963 2679 referendum
981 2648 1037 2674 est?
1074 2648 1235 2674 Beriltoldns
1249 2649 1270 2674 I.
1291 2648 1329 2675 ob.
1348 2652 1449 2674 (1.1142
1466 2648 1522 2673 Iuli
1534 2651 1571 2673 27.
1680 2647 1713 2679 ¹²)
1736 2645 1782 2672 Ob.
1796 2654 1820 2671 (t.
1836 2648 1907 2671 1465.

230 2683 235 2686 ’
262 2687 294 2717 ¹³)
312 2686 349 2712 H.
363 2695 389 2712 oz.
404 2687 466 2718 111„
485 2687 523 2713 ob.
538 2697 561 2713 a.
577 2693 647 2714 1457.
756 2691 786 2722 ¹⁴)
809 2690 851 2716 Ob.
866 2699 891 2716 α.
903 2694 973 2717 1333.
