2054 2948
271 303 326 329 kal.

216 523 260 550 IV.
274 532 334 549 non.

212 743 258 769 ΙΙΙ.
272 751 336 770 uon.

226 931 260 958 Π.
273 939 335 958 non.

273 1162 334 1180 non.

182 1374 255 1402 VIII.
270 1376 305 1402 id.

198 1597 256 1623 VH.
270 1598 306 1624 id.

208 1777 254 1803 VI.
269 1778 304 1804 id.

208 2376 254 2402 IV.
268 2377 304 2402 id.

373 2377 410 2404 10.

498 110 731 137 NECROLOGIA
750 110 977 136 MONASTERII
997 110 1022 137 S.
1036 111 1185 138 NICOLAI
1204 112 1449 140 PATAVIENSIS.
1740 118 1798 147 167

841 224 1108 260 DECEMBEP..

458 298 666 330 Eberhardus
689 298 846 339 archieps.
865 299 1166 340 Salczpurgensis.¹)
1207 305 1344 331 [ohannes
1360 305 1393 332 de
1410 306 1572 332 Purckhusa
1590 315 1651 333 can.
1669 309 1698 333 et
1713 316 1800 340 quon-

511 349 573 374 dam
593 349 651 375 dec.
665 349 690 375 h.
705 349 793 375 ecclie.
831 350 862 376 D.
874 349 1059 383 wolfgangus
1073 350 1175 384 Preger
1192 350 1251 383 pbr.
1265 352 1293 376 et
1306 359 1365 377 can.
1379 351 1414 377 ad
1427 351 1483 377 Sum
1498 352 1663 378 Florianum.
1701 353 1799 379 lohan-

509 400 557 417 nes
570 391 680 418 Tauber
695 391 753 425 pbr.
768 393 796 417 et
810 392 878 425 prof.
890 391 918 417 in
934 392 1052 425 Aspach.
1084 392 1138 425 [Fr.
1148 393 1250 419 Vitalis
1264 393 1323 426 pbr.
1335 395 1362 419 et
1376 402 1410 419 m.
1425 394 1504 419 monii
1519 395 1538 419 si
1553 394 1628 421 Pelzri
1641 395 1800 429 Salzburge.

510 433 552 459 Fr.
570 434 716 467 Philippus
735 434 795 468 pbr.
809 435 837 461 et
856 443 891 460 m.
905 435 933 460 in
947 435 1086 461 Mannsee.
1124 435 1166 462 Fr.
1182 435 1317 462 Iohannes
1337 436 1396 469 pbr.
1411 438 1439 463 et
1457 446 1492 463 m.
1507 436 1619 463 ibidem.
1657 437 1699 464 Fr.
1716 438 1799 464 Leon-

508 476 609 502 hardus
628 477 688 510 pbr.
703 479 731 503 et
750 486 784 503 m.
799 477 826 503 in
846 477 912 503 Alta
931 477 1090 511 Superiori.]

458 519 527 550 Leo
551 520 619 560 pbr.
642 523 674 551 et
698 530 765 551 ean.
787 520 1014 551 seccoviensis.
1054 526 1192 552 Fridricus
1217 527 1301 560 pleb„
1318 527 1378 560 pbr.
1400 528 1429 553 et
1452 535 1513 553 can.
1535 527 1563 553 in
1588 527 1798 561 Reichersperg.

510 570 686 596 Leonhardus
700 570 889 597 Prihenfrider
908 571 967 604 pbr.
981 573 1009 597 et
1028 580 1086 597 can.
1102 572 1128 597 in
1145 572 1353 606 Reichersperg.
1386 572 1506 598 Thomas
1518 572 1606 605 Vreyt
1626 573 1684 606 pbr.
1699 575 1727 599 et
1740 582 1799 599 can.

509 613 535 638 h.
550 613 629 639 monii
644 613 687 639 ob.
725 613 911 648 Wolfgangus
926 613 1099 640 Reisenstam
1113 615 1173 647 pbr.
1188 616 1215 641 et
1230 623 1290 640 can.
1304 614 1331 640 in
1348 615 1563 649 Reychersperg.
1602 615 1654 648 [Fr.
1665 615 1801 642 Martinus

507 655 578 681 diac.
592 655 627 681 ad
646 655 702 681 Sum
720 656 858 689 Magnum.
897 656 927 682 D.
942 656 1033 682 Vilser
1052 657 1110 690 pbr.
1124 659 1153 683 et
1172 657 1246 690 pleb.
1261 657 1287 682 in
1309 657 1371 683 Ror.
1410 658 1450 683 Fr.
1466 657 1576 684 Maurus
1591 657 1802 691 Wineklmayer

510 698 568 730 pbr.
583 701 610 724 et
630 706 688 723 can.
703 698 731 724 in
750 699 837 724 Altha
856 698 1014 732 Super-imi]

460 740 627 781 Rycherus
651 741 719 782 pbr.
738 745 770 772 et
791 752 859 773 can.
877 741 907 773 Si
923 742 1073 774 Floriani.
1114 742 1274 773 Geor-ius
1298 743 1374 783 pbr.
1392 746 1429 773 et
1452 753 1528 774 ean.
1547 743 1658 774 ecclie
1675 744 1701 774 si
1717 743 1800 775 Flo-

509 793 614 823 riani.
662 796 798 822 Iohannes
818 797 890 823 Kolb
910 797 970 830 pbr.
984 799 1012 823 et
1031 806 1090 823 can.
1105 797 1134 823 in
1152 797 1329 830 Raitenpfich
1349 797 1397 824 cfr.
1411 806 1436 822 11.
1466 797 1652 832 wolfgangus
1666 798 1801 824 Lanczen-

508 843 607 869 dorst'er
626 844 686 876 pbr.
705 845 733 869 et
752 852 811 870 can.
828 843 952 870 Floriani
972 844 1018 870 cfr.
1034 853 1058 870 n.
1096 844 1213 870 Iudocus
1231 832 1404 877 ssmphinger
1423 844 1479 870 dec.
1498 844 1526 870 in
1545 844 1636 870 Suben
1655 845 1703 871 cfr.
1717 854 1742 871 n.
1757 845 1800 872 ob.

508 887 539 911 D.
553 885 668 912 Georius
688 886 795 913 WViirsel
815 886 874 920 pbr.
890 889 918 913 et
939 895 997 912 can.
1011 887 1037 913 h.
1051 887 1141 913 ecclia.
1180 887 1232 920 [Fr.
1246 886 1367 913 Michael
1387 887 1456 920 prof.
1471 886 1499 912 iu
1520 887 1676 921 Lambaco.]

458 928 591 971 Egidius
619 930 688 970 pbr.
710 933 743 961 et
771 940 838 961 can.
863 930 952 961 ccclie
980 930 1002 960 si
1027 930 1150 971 Ypoliti
1178 930 1233 961 cfr.
1256 941 1285 961 n.
1332 934 1526 968 sigismundus
1554 935 1613 969 pbr.
1634 937 1663 962 et
1689 944 1750 961 ean.
1772 935 1801 962 in

509 980 671 1007 Novacella.
708 981 838 1012 Iacobus,
863 981 960 1007 Petrus
986 981 1046 1015 pbri
1071 984 1099 1008 et
1123 982 1184 1007 cani
1207 981 1243 1007 ad
1262 982 1318 1007 Sum
1339 981 1493 1014 Ypolitum.
1531 981 1580 1008 Ob.
1604 981 1635 1007 D.
1650 981 1801 1008 leronimus

509 1023 752 1057 Schuczeuperger
771 1032 830 1050 can.
845 1032 877 1050 ac
891 1024 959 1057 prof.
973 1024 1053 1050 monii
1068 1024 1088 1049 si
1104 1023 1237 1057 Leopoldi
1251 1023 1279 1049 in
1294 1024 1472 1057 Newnburga.
1486 1023 1646 1051 claustrali.
1677 1024 1718 1058 [D.
1732 1025 1802 1050 Pau-

509 1066 551 1091 lus
570 1066 678 1099 Khreyt
702 1067 760 1100 pbr.
780 1069 808 1093 et
832 1068 900 1100 prof.
919 1067 1031 1094 ibidem.
1075 1067 1105 1093 D.
1124 1066 1245 1093 Michael
1267 1067 1389 1093 Varcher
1412 1067 1471 1100 pbr.
1490 1069 1518 1093 et,
1542 1075 1602 1093 can.
1620 1067 1647 1093 in
1667 1067 1802 1094 Chielnse.

514 1108 556 1134 Fr.
570 1108 738 1135 Wilhelmus
757 1109 880 1135 subdiac.
895 1109 1017 1143 ibidem]

457 1151 618 1182 Fridricus
651 1152 718 1193 pbr.
743 1157 776 1183 ct
808 1153 863 1183 cfr.
886 1164 914 1183 n.
939 1163 1007 1184 can.
1031 1152 1260 1184 seccoviensis.
1314 1157 1479 1184 Gebhardus
1502 1156 1564 1190 pbr.
1585 1158 1614 1183 et
1637 1165 1698 1183 ean.
1720 1151 1803 1183 monii

508 1202 529 1226 si
550 1202 715 1229 Michahelis
734 1212 821 1237 prope
840 1203 1012 1230 Tridentum.
1045 1204 1106 1236 [Ob.
1123 1203 1270 1237 religiosus
1290 1203 1318 1229 P.
1335 1203 1364 1228 D.
1380 1202 1522 1234 Iohannes,
1542 1203 1611 1236 prof.
1629 1202 1709 1229 monii
1729 1203 1802 1229 Salz-

510 1253 597 1279 purge
619 1245 654 1271 ad
673 1245 728 1271 Sum
753 1246 873 1272 Petrum.
915 1246 964 1273 Ob.
983 1246 1130 1279 religiosus
1151 1247 1178 1272 P.
1202 1245 1381 1275 Benedictus,
1401 1245 1470 1279 prof.
1493 1245 1574 1271 monii
1598 1245 1801 1271 Lambacensis.

510 1288 552 1313 Fr.
567 1288 747 1314 Sebastianus
766 1289 826 1322 pbr.
846 1290 875 1315 et
893 1298 927 1314 m.
942 1289 969 1314 in
990 1288 1169 1315 Firrstenzell.
1206 1289 1386 1322 Margaretha
1403 1287 1564 1314 Widmanin
1583 1288 1688 1314 srnonlis
1708 1290 1737 1314 et
1756 1293 1804 1314 cva

511 1330 539 1356 in
560 1330 723 1365 Chiepach]

458 1373 683 1415 Hiliiprandus
713 1385 780 1405 can.
808 1374 896 1405 ecclia
926 1374 1155 1405 SeecoviensiS.
1208 1379 1316 1405 Ulricus
1344 1379 1405 1413 pbr.
1428 1381 1456 1405 et
1480 1387 1540 1405 can.
1563 1379 1589 1405 h.
1609 1375 1688 1405 ecclie
1711 1379 1802 1406 dictus

510 1424 658 1450 Amichsel.
698 1425 729 1451 D.
748 1425 876 1451 Mattheus
901 1425 960 1458 pbr.
979 1427 1007 1451 et.
1031 1434 1090 1451 can.
1110 1426 1178 1458 prof.
1199 1425 1228 1450 in
1253 1425 1412 1451 Novacolla..
1455 1425 1591 1451 lohannes
1610 1425 1800 1459 Caltenpeckh

510 1467 570 1500 pbr.
585 1470 612 1493 et
633 1476 692 1494 cau.
706 1468 733 1493 in
747 1467 965 1501 Reychersperg.
1003 1468 1090 1494 [orius
1105 1468 1310 1502 Engenweyser
1328 1467 1446 1494 servitor
1464 1467 1490 1493 h.
1505 1468 1585 1493 monii
1604 1469 1633 1493 et
1646 1469 1738 1501 Agnes
1757 1477 1800 1494 ux.

509 1510 567 1536 eius
593 1512 622 1536 et
650 1510 772 1536 omnium
797 1510 927 1537 fidelium.
974 1511 1014 1544 [D.
1035 1511 1173 1536 Ludvicus
1194 1510 1292 1537 Ebmer
1312 1511 1483 1537 (lecressorum
1504 1510 1612 1539 doctor,
1638 1519 1694 1544 eps.
1713 1511 1799 1543 Chye-

510 1553 653 1586 1neusis.²)]

458 1595 619 1627 Iohannes
652 1596 720 1637 pbr.
745 1599 778 1627 et
810 1607 878 1627 can.
904 1596 1125 1628 Soccoviensis
1153 1597 1208 1628 cfr.
1231 1608 1260 1627 n.
1311 1602 1343 1628 D.
1362 1601 1510 1627 Kunradus
1534 1602 1667 1635 Protsarg
1690 1602 1751 1635 pbr.
1772 1604 1802 1628 et

509 1656 568 1673 can.
583 1646 609 1672 in
624 1647 796 1681 Lagenzenn.
833 1647 883 1673 Ob.
902 1647 1104 1673 illustrissimus
1125 1647 1253 1681 princeps
1272 1647 1406 1681 Georgius
1425 1647 1480 1673 dux
1499 1647 1649 1680 Bavarie.³)
1687 1648 1728 1681 [D.
1743 1648 1799 1674 Cri-

508 1689 635 1715 stofforus
655 1690 790 1716 Alkhofer
809 1690 868 1723 pbr.
886 1692 914 1716 et
933 1699 993 1716 can.
1013 1690 1040 1716 in
1060 1690 1283 1724 Reyehensperg.
1322 1691 1363 1716 Fr.
1378 1690 1514 1716 Iohannes
1533 1699 1573 1716 cv.
1591 1690 1619 1715 in
1640 1691 1801 1717 Novacella.

508 1731 648 1758 conradus
666 1732 788 1758 Ortwein
815 1733 875 1766 pbr.
897 1735 925 1759 et
947 1733 1017 1766 prof.
1037 1733 1072 1759 ad
1094 1734 1149 1758 Sum
1168 1733 1280 1759 Petrum
1306 1732 1459 1766 salisburgi
1483 1741 1523 1758 ao.
1542 1732 1695 1759 Salvator-is
1714 1734 1798 1766 1599.]

457 1775 610 1806 Albortus
629 1775 698 1816 pbr.
717 1780 748 1806 et
765 1786 834 1807 can.
850 1776 940 1806 ecclie
956 1776 979 1805 si
995 1776 1126 1817 Ypoliti.
1166 1777 1356 1817 Nycolaus
1379 1776 1456 1816 pbr.
1475 1779 1511 1806 et
1534 1786 1609 1807 can.
1628 1776 1667 1807 de
1685 1777 1798 1808 Walt-

509 1826 601 1856 husa
625 1827 688 1857 cfr.
706 1838 735 1857 n.
782 1827 922 1858 Ursula
945 1827 1090 1858 smonliss
1107 1828 1150 1859 de
1168 1827 1351 1858 Scccovia
1376 1830 1413 1858 et
1435 1837 1578 1857 consor.
1596 1832 1643 1858 na.
1690 1833 1799 1859 Ulricus

509 1879 601 1902 custos
626 1879 654 1903 et
677 1886 737 1904 can.
758 1877 785 1902 in
806 1877 1016 1911 Reichersperg.
1058 1878 1194 1904 Martinus
1218 1879 1277 1911 pbr.
1298 1880 1326 1904 et
1349 1880 1441 1904 custos
1465 1878 1546 1904 ecclie
1569 1878 1590 1902 si
1610 1877 1732 1904 Floriani
1756 1879 1801 1914 ob·

509 1919 551 1946 Fr.
566 1920 686 1946 Michael
712 1921 772 1954 pbr.
791 1922 818 1946 et
842 1929 901 1946 can.
920 1921 948 1946 in
969 1921 1023 1947 Ror
1042 1921 1085 1947 ob.
1123 1921 1257 1955 Georgius
1277 1921 1364 1947 Posch
1385 1921 1444 1954 pbr.
1464 1922 1492 1946 et
1512 1929 1571 1947 can.
1591 1921 1618 1946 in
1638 1921 1799 1948 Novacella..

509 1962 551 1988 Fr.
566 1962 685 1988 Michacl
709 1972 766 1989 acc.
785 1965 813 1989 et
837 1964 904 1996 prof.
924 1963 951 1988 in
978 1964 1039 1989 Hor.
1086 1964 1129 1997 [D.
1143 1964 1316 1990 Panthaleon
1337 1964 1436 1990 Starch
1459 1963 1519 1996 pbr.
1537 1965 1566 1990 et
1589 1972 1648 1989 can.
1668 1964 1693 1989 h.
1712 1964 1800 1991 monii.

508 2005 588 2031 Anna
601 2005 846 2036 Rinckkhamerin,
859 2006 1040 2039 Margaretha
1054 2007 1248 2041 Ambergerin,
1262 2006 1436 2033 Scholastica
1450 2006 1602 2038 Dietheriu,
1616 2006 1801 2040 chunigunda

510 2047 606 2074 Rettin
626 2049 738 2074 smonles
757 2048 785 2074 in
808 2048 959 2082 Kuepach]

457 2090 582 2122 Uli-icus
612 2092 680 2133 pbr.
705 2095 736 2122 et
766 2092 820 2122 cfr.
846 2103 875 2122 n.
898 2091 938 2122 de
963 2092 999 2122 S⁰
1021 2092 1182 2123 Floriano.
1236 2092 1460 2123 Chunradus
1491 2091 1568 2132 pbr.
1591 2095 1629 2123 et
1656 2102 1731 2123 can.
1757 2092 1799 2123 dc

510 2142 704 2173 Walthusa
728 2153 871 2173 necnon
896 2143 992 2184 pleb.
1011 2143 1125 2174 beate
1143 2144 1260 2174 Mar-ie
1285 2143 1321 2173 in
1344 2143 1423 2173 leta
1447 2142 1552 2173 ouria
1573 2143 1800 2183 Pragensi.4)

509 2194 702 2225 Fridricus
736 2194 859 2225 dictus
892 2194 1072 2225 Chamrer
1104 2206 1206 2235 ppos.
1231 2195 1260 2225 h.
1285 2194 1437 2233 cccl³⁹.⁵)
1485 2194 1524 2224 R.
1548 2195 1565 2224 i.
1589 2205 1618 2235 p.
1671 2195 1799 2225 Arnon.

509 2245 655 2278 [Iohannes
680 2245 770 2270 dictus
794 2244 903 2271 &erint
927 2245 987 2278 pbr.
1008 2247 1036 2271 et
1060 2254 1119 2271 can.
1140 2245 1167 2271 in
1192 2246 1223 2272 ΞΟ
1242 2245 1367 2279 Ypolito.
1413 2245 1443 2270 D.
1459 2245 1593 2271 Iohannes
1616 2245 1718 2271 Fedri'rr
1742 2246 1799 2272 dec.

510 2288 538 2313 D.
556 2287 691 2313 lohannes
704 2288 802 2317 senior.
819 2288 876 2321 pbr.
891 2288 920 2313 in
934 2287 1118 2323 Herzewurga
1131 2289 1157 2315 h.
1171 2289 1258 2315 ecclie.
1293 2289 1322 2314 Ι).
1337 2287 1520 2314 Christannus
1534 2288 1801 2315 Khalttennmrkher

510 2330 568 2363 pbr.
584 2332 612 2356 et
632 2339 690 2356 can.
704 2331 732 2356 in
752 2330 928 2363 Ranshofen]

457 2373 679 2404 NVernliardus
711 2373 750 2404 de
774 2374 944 2415 Pranpach
969 2384 1036 2404 can.
1063 2372 1279 2411 Pataviensis,
1310 2372 1364 2412 qui
1393 2371 1514 2412 legavit
1542 2371 1633 2402 nobis
1656 2371 1800 2402 redditus

514 2428 582 2455 1.st
628 2430 776 2456 Heinricus
800 2430 871 2456 diac.
898 2432 926 2456 et
949 2438 1010 2455 can.
1029 2424 1053 2455 Si
1071 2428 1203 2454 Floriani.
1251 2427 1436 2453 wolfhardus
1459 2426 1529 2460 Epel
1552 2427 1613 2460 pbr.
1637 2428 1666 2453 et
1687 2435 1748 2453 can.
1771 2427 1799 2453 in

510 2475 675 2501 Ranshoveu
703 2476 748 2501 cfr.
770 2484 796 2500 n.
839 2475 899 2509 [Ob.
920 2475 958 2500 Fr.
980 2475 1123 2500 Anndreas
1147 2474 1301 2500 Multorffer
1326 2473 1386 2507 pbr.
1406 2475 1435 2499 et
1460 2482 1494 2498 m.
1516 2473 1595 2498 monii
1621 2473 1799 2506 Alberspacb.

509 2517 540 2542 D.
554 2517 720 2544 Yiuceucius
734 2517 843 2544 Reitter
862 2517 928 2544 olim
948 2518 1004 2544 dec.
1042 2517 1178 2542 Martinus
1198 2516 1257 2549 pbr.
1272 2517 1300 2541 et
1313 2524 1372 2541 can.
1387 2515 1414 2540 in
1428 2515 1590 2541 Novacella.
1628 2515 1668 2540 Fr.
1684 2515 1800 2549 Magnus

509 2559 578 2585 diac.
594 2560 628 2586 ad
648 2560 703 2586 Sum
724 2561 875 2594 Magnum]

255 2672 273 2702 ¹)
295 2669 340 2696 Ob.
359 2679 384 2695 α.
399 2674 472 2696 1246.
601 2672 621 2703 ²)
646 2671 689 2697 Ob.
710 2680 734 2697 ιἰ.
750 2675 818 2697 1516.
950 2673 969 2703 ³)
991 2671 1035 2697 Ob.
1055 2674 1164 2697 a.1503.
1300 2671 1320 2701 ⁴)
1342 2668 1460 2694 Koma-«d
1479 2668 1664 2699 lValdhauser,
1679 2668 1717 2693 ol».
1734 2672 1798 2694 1362!

149 2712 211 2738 Dec.
228 2715 253 2738 S.
288 2712 429 2739 ‘Ecclesia
449 2713 473 2739 b.
488 2713 592 2739 Mariae
613 2714 640 2739 in
661 2714 747 2740 Laeta
766 2714 856 2741 euria’
873 2722 946 2740 mmo
964 2713 1167 2741 ‘Teiukirche’.
1276 2714 1295 2745 ⁵)
1320 2712 1363 2739 Ob.
1377 2720 1402 2738 a.
1417 2714 1486 2737 1380.
