2054 2948
262 267 336 293 VIII.
349 266 405 293 kal.

276 437 337 463 VII.
350 437 407 463 kal.

287 564 335 591 Vi.
349 564 405 590 kal.

303 778 335 804 V.
349 777 405 803 kal.

290 948 337 975 IV.
351 947 406 974 kal.

287 1163 337 1189 III.
350 1161 406 1187 kal.

305 1333 339 1359 ΙΙ.
354 1333 409 1359 kal.

351 1659 406 1685 kal.

293 1830 339 1857 IV.
353 1838 415 1857 non.

294 2086 342 2113 ΙΙΙ.
356 2095 417 2113 non.

309 2342 343 2367 ll.
356 2350 417 2368 non.

448 266 490 292 24.

451 437 492 462 25.

449 563 490 589 26.

450 777 491 802 27.

452 1161 492 1188 29.

454 1331 494 1359 30.

470 2087 493 2112 3.

471 2343 494 2368 4.

822 90 1006 118 DIOECESIS
1025 89 1283 117 PASSAVIENSIS.

587 179 619 205 R.
633 179 664 205 D.
678 177 825 205 Udalrieus
848 176 946 203 Stoker
968 184 1046 210 ppos.
1064 175 1093 201 in
1115 175 1289 207 Chiemsee.¹)
1332 174 1490 208 Stephanus
1514 173 1666 208 Obermayr
1687 174 1748 207 pbr.
1768 175 1797 201 et
1819 174 1878 201 dec.

588 222 616 247 in
635 221 756 247 Diessen.

535 265 657 291 Andreas
678 264 736 298 pbr.
751 220 779 290 ἑῇ
798 273 832 289 m.
870 262 910 296 [P.
924 262 1039 288 Ioannes
1058 261 1087 286 in
1100 260 1280 287 Osterhoven.
1319 260 1361 285 Fr.
1375 260 1491 286 lacobus
1508 259 1537 286 in
1551 259 1732 293 Alderspaeh.
1769 259 1801 286 D.
1815 259 1878 286 Hie-

587 316 717 340 ronymus
731 306 856 333 Stettner
873 313 952 339 ppos.
966 304 995 330 in
1008 304 1242 337 Reichersperg.²)
1279 303 1308 329 P.
1322 303 1551 329 Bartholomaeus
1565 302 1661 329 Maron
1674 302 1703 328 in
1716 302 1878 328 Formbach.

588 351 616 376 P.
634 349 801 376 Benedictus
824 348 934 375 Stadler
958 347 986 372 in
1009 347 1104 372 Monte
1126 346 1147 372 si
1167 346 1288 380 Georgii.
1330 346 1359 372 P.
1377 346 1538 372 Matthaeus
1553 345 1756 373 'Podenmiiller
1765 346 1788 378 θ)
1811 353 1837 371 n.
1857 353 1879 371 c.

589 392 709 418 vicarius
728 391 756 417 in
777 391 871 424 Ering.
908 390 938 416 P.
952 388 1089 415 Matthias
1108 389 1226 415 Reiitter
1244 388 1273 414 in
1290 388 1453 422 Lambaoh.]

538 434 720 461 Berchtoldus
734 433 792 467 pbr.
807 435 835 459 et
847 442 883 458 m.
920 432 959 465 [P.
973 431 1164 465 Sigismundus
1178 431 1213 457 ad
1228 430 1284 456 Sum
1298 431 1424 457 Paulum.
1461 430 1602 457 Conradus
1616 431 1676 464 pbr.
1713 430 1880 457 Pancratius

588 477 782 503 Brandstetter
800 476 859 509 pbr.
873 476 902 502 et
919 483 978 501 can.
992 474 1021 500 in
1035 474 1187 500 Chiemsee.
1219 474 1248 500 P.
1262 473 1383 500 Michael
1398 474 1538 501 Talhover
1555 474 1584 500 in
1597 473 1761 500 Formbaoh.
1792 473 1822 500 P.
1835 473 1879 500 Se-

588 519 734 546 bastianus
753 518 847 545 Keller
866 518 893 543 in
912 517 1010 544 Ettall.
1047 517 1076 543 P.
1090 517 1220 543 Placidus
1240 516 1391 543 Trilkelius
1409 516 1598 551 Mellioensis.]

536 562 725 591 Pirehtoldus,
752 560 902 587 Henericus
927 560 987 594 pbri
1010 562 1039 586 et
1057 560 1101 586 mi.
1138 560 1221 586 Vitus
1241 560 1301 593 pbr.
1319 562 1347 586 et
1365 569 1400 586 m.
1418 560 1447 586 in
1465 560 1584 587 Monsee.
1623 559 1799 586 Christianus
1818 559 1879 593 pbr.

589 606 617 631 et
631 613 690 630 can.
703 603 732 629 in
746 603 920 629 Ranshoven.
958 603 1010 636 [Fr.
1021 603 1138 629 Ioannes
1151 602 1325 637 Landringer
1337 603 1364 629 in
1377 602 1588 637 Reiehersperg.
1624 603 1653 629 P.
1664 602 1775 629 Blasius
1789 602 1881 629 Toker

588 647 616 673 in
636 646 799 673 Formbach.
836 646 864 672 P.
878 645 1016 672 Matthias
1036 645 1239 672 Bettendorffer
1258 645 1286 672 in
1306 646 1528 672 Nidernaltaieh.
1566 646 1595 672 P.
1609 645 1743 672 Nioolaus
1758 645 1880 672 Schoffer

589 690 617 715 in
641 689 734 715 Zwetl.
775 689 804 715 P.
822 688 936 714 Rufinus
959 688 1079 722 Sigelius
1102 689 1130 714 in
1155 688 1234 715 Seon.
1278 689 1394 715 Ioannes
1413 688 1574 715 Franciscus
1593 688 1747 722 Coppeindl
1773 688 1833 722 pbr.
1852 690 1881 715 et

589 741 647 758 can.
663 731 690 757 in
709 731 888 765 Baumburg.]

537 775 694 802 Leonardus
712 783 747 801 in.
760 774 788 800 in
806 774 926 800 Monsee.
965 774 1004 807 [P.
1018 774 1153 808 Georgius
1172 773 1199 800 in
1220 774 1252 800 SO
1267 774 1362 801 Paulo.
1399 774 1442 802 Fr.
1456 774 1639 808 Hieronymus
1658 774 1686 800 in
1700 774 1880 801 Osterhoven.

589 817 741 844 Catharina
766 817 873 843 srnonlis
896 817 925 843 in
950 817 1078 844 Admont.
1120 817 1151 843 D.
1165 817 1282 844 Ioannes
1302 817 1441 851 Rughalm
1467 827 1493 844 n.
1512 818 1595 844 monii
1617 817 1722 852 primus
1744 817 1881 843 infulatus

589 860 676 892 abb.³)
713 860 742 886 P.
756 859 921 887 Laurentius
941 860 976 886 ad
995 860 1051 886 Sum
1065 859 1248 886 Emeramum.
1285 861 1407 887 Miehael
1427 861 1487 894 pbr.
1502 862 1530 887 et
1548 870 1583 887 m.
1619 860 1793 894 Augustinus
1811 860 1882 887 Kobl

590 903 673 937 prior,
691 902 815 929 Andreas
835 902 948 936 Stumpf
964 902 1025 936 pbri
1044 904 1073 929 et
1092 903 1128 928 nii
1147 903 1176 928 in
1195 903 1291 929 Monte
1310 903 1330 929 si
1345 903 1475 937 Georgii]

538 946 669 977 Andreas,
684 945 859 972 Christianus
871 946 932 979 pbri
944 948 973 972 et
986 946 1030 972 mi.
1062 946 1101 979 [P.
1112 946 1228 972 Ioannes
1241 946 1269 972 in
1283 946 1403 973 Monsee.
1431 946 1604 980 Wimpertus
1617 955 1642 972 n.
1654 955 1675 972 c.
1689 955 1729 972 cv.
1758 946 1788 972 P.
1799 945 1881 973 Eber-

589 989 691 1014 hardus
705 988 733 1014 in
746 988 953 1015 Reiehenbach.
990 989 1131 1015 Conradus
1145 988 1250 1015 ibidem
1264 997 1305 1016 εν.
1341 989 1370 1016 P.
1384 989 1532 1022 Gregorius
1546 989 1699 1016 Gunthahn
1713 989 1740 1014 in
1756 989 1882 1015 Raitten-

589 1032 713 1058 haslach.
750 1032 779 1058 P.
794 1031 1002 1058 Maximilianus
1015 1032 1213 1058 Bonaventura
1232 1032 1259 1058 in
1274 1033 1349 1060 Rott.
1387 1033 1416 1058 P.
1430 1033 1528 1059 Petrus
1542 1032 1623 1059 Riedl
1643 1032 1678 1058 ad
1692 1031 1747 1058 Sum
1761 1032 1881 1059 Petrum.

590 1075 682 1100 Simon
700 1074 775 1100 Seidl
795 1074 854 1108 pbr.
873 1076 902 1100 et
920 1083 954 1100 m.
993 1074 1126 1108 Aegidius
1144 1074 1254 1108 Langer
1272 1075 1331 1108 pbr.
1350 1078 1377 1102 et
1396 1084 1430 1101 m.
1451 1075 1486 1102 ad
1505 1075 1601 1102 Scotos
1616 1075 1749 1101 Viennae.
1786 1074 1815 1100 P.
1830 1074 1883 1100 An-

590 1117 691 1143 selmus
711 1117 788 1151 Long
807 1117 835 1142 in
854 1117 934 1150 Atth]

538 1160 711 1194 Augustinus
731 1160 790 1193 pbr.
808 1161 836 1186 et
858 1169 917 1186 can.
935 1160 970 1186 ad
990 1160 1046 1186 Sum
1066 1160 1221 1187 Nicolaum.
1259 1161 1399 1195 Pilgrinus
1419 1161 1478 1194 pbr.
1515 1160 1574 1187 Eko
1594 1169 1635 1187 cv.
1673 1160 1713 1194 [P.
1728 1160 1883 1186 Bernartius

590 1203 618 1228 in
643 1203 762 1229 Monseo.
806 1202 834 1228 P.
850 1203 1032 1236 Hieronymus
1056 1203 1246 1237 Humphamer
1269 1203 1297 1230 in
1322 1204 1486 1237 Ebersperg.
1527 1203 1556 1229 P.
1571 1203 1721 1230 Othmarus
1746 1202 1775 1228 in
1796 1202 1883 1229 Ettal.

590 1245 762 1272 Caelestinus
776 1246 985 1272 Rommenkessl
1005 1246 1064 1279 pbr.
1079 1248 1108 1272 et
1126 1255 1161 1272 m.
1176 1246 1287 1273 ibidem.
1325 1246 1353 1272 F.
1367 1246 1537 1273 Benedictus
1551 1245 1649 1273 Simerl
1670 1255 1710 1272 ον.
1726 1245 1754 1271 in
1768 1245 1884 1272 Nidern—

591 1287 716 1321 altaieh]

540 1331 675 1364 Georgius
694 1339 719 1356 n.
734 1339 756 1357 c.
770 1330 829 1364 pbr.
844 1333 872 1357 et
890 1340 925 1358 ni.
963 1332 1002 1364 [P.
1017 1332 1113 1359 Petrus
1132 1332 1258 1359 Stettner
1276 1332 1312 1358 ad
1331 1333 1387 1358 sum
1406 1332 1513 1359 Vitum.
1549 1332 1666 1359 Sifridus
1685 1342 1720 1358 m.
1759 1332 1788 1358 P.
1802 1331 1885 1358 Vitus

590 1374 619 1400 in
639 1373 757 1399 Gleiink.
794 1373 824 1400 P.
837 1374 996 1400 Leonardus
1016 1375 1044 1400 in
1064 1375 1183 1402 Monsee.
1221 1375 1250 1402 P.
1264 1375 1385 1402 Michael
1405 1375 1433 1401 in
1451 1375 1582 1409 Seheyrn.
1620 1375 1735 1402 Iacobus
1750 1374 1884 1406 Grunner‚

590 1416 675 1442 Israel
686 1416 811 1450 Wagner
829 1417 890 1450 pbri
904 1419 932 1444 et
951 1418 986 1443 ini
1006 1418 1034 1444 in
1049 1418 1270 1445 Nidernaltaieh.
1303 1418 1438 1453 Georgius
1451 1419 1562 1446 Gretter
1580 1419 1640 1452 pbr.
1655 1421 1683 1445 et
1700 1428 1734 1445 1n.
1749 1418 1777 1444 in
1792 1418 1885 1444 Monte

590 1460 610 1485 si
624 1459 744 1493 Georgii.
782 1460 811 1486 P.
826 1460 988 1487 Waltherus
1009 1461 1073 1488 loch
1093 1461 1184 1487 senior
1203 1461 1237 1488 ad
1256 1461 1313 1488 Sum
1332 1462 1453 1488 Petrum.
1490 1462 1520 1489 P.
1534 1462 1671 1488 Martinus
1690 1461 1837 1494 Santmayr
1857 1461 1885 1487 in

591 1502 805 1535 Steiirgarsten.]

926 1580 1192 1616 DECEMBER.

539 1658 697 1692 Stephanus
720 1658 779 1692 pbr.
800 1661 828 1685 et
851 1668 885 1684 m.
929 1659 958 1685 P.
976 1659 1091 1684 Ioannes
1116 1658 1226 1685 Tauber
1248 1658 1336 1692 prior,
1360 1658 1468 1693 witigo
1492 1667 1533 1684 cv,
1552 1667 1577 1684 n.
1595 1667 1617 1684 c.
1635 1659 1679 1684 mi.
1724 1657 1884 1684 Diemuedis

590 1710 640 1728 sor.
658 1707 699 1728 na.
740 1701 876 1735 Georgius
899 1701 954 1727 dux
978 1701 1146 1733 Bar-ariae&
1188 1702 1227 1734 [P.
1242 1701 1400 1727 Leonardus
1425 1702 1453 1727 et
1472 1701 1622 1727 Henerieus
1646 1701 1687 1727 cvi
1711 1700 1739 1726 in
1766 1701 1885 1727 Nidern-

591 1744 706 1770 altaich.
747 1744 776 1770 P.
790 1744 917 1770 Kilianus
935 1744 1048 1771 ibidem.
1092 1745 1120 1770 P.
1135 1745 1250 1770 Ioannes
1274 1745 1302 1770 in
1321 1744 1441 1771 Monsee.
1481 1744 1598 1771 Ioannes
1617 1744 1701 1770 Grieb
1724 1744 1784 1777 pbr.
1802 1746 1831 1770 et
1849 1753 1885 1770 m.

592 1787 618 1812 in
640 1787 814 1821 Altenburg]

538 1830 654 1856 Ioannes
673 1830 736 1856 abb.
755 1829 782 1855 in
802 1830 955 1863 Adinont.⁵)
993 1831 1160 1858 Wernherus
1180 1841 1204 1858 n.
1219 1840 1241 1857 c.
1256 1832 1316 1865 pbr.
1331 1833 1359 1858 et
1377 1841 1412 1858 m.
1449 1831 1635 1866 Wolfgangus
1653 1832 1714 1865 pbr.
1732 1833 1761 1858 et
1779 1840 1839 1858 can.
1857 1831 1885 1857 in

590 1872 800 1907 Reiehersperg.
845 1874 959 1900 Ioannes
982 1874 1042 1907 pbr.
1063 1876 1091 1900 et
1114 1884 1149 1900 ni.
1192 1875 1277 1901 Hesto
1301 1884 1335 1902 m.
1377 1875 1547 1909 Magdalena
1567 1874 1716 1901 Wielserin
1741 1883 1792 1901 sor.
1814 1884 1840 1901 n.
1863 1884 1884 1901 c.

590 1915 630 1948 [P.
646 1916 743 1942 Petrus
768 1916 843 1949 prior
866 1915 895 1941 in
919 1916 1142 1944 Nidernaltaich.
1179 1918 1208 1943 P.
1222 1918 1334 1944 Maurus
1359 1917 1387 1943 in
1408 1918 1570 1952 Ebersperg.
1606 1917 1635 1943 F.
1649 1917 1832 1944 Balthasarus
1856 1917 1885 1943 in

592 1958 801 1985 Obernaltaich.
843 1959 983 1992 Sylvester
1003 1960 1170 1986 Cori-isoriur
1193 1961 1252 1994 pbr.
1270 1963 1299 1987 et
1322 1969 1381 1987 ean.
1400 1961 1435 1986 ad
1454 1960 1511 1987 Sum
1530 1960 1686 1987 Nicolaum.
1726 1960 1758 1986 D.
1772 1960 1885 1986 Maurus

591 2001 703 2033 Mayrb)
722 2002 748 2027 ni
765 2002 845 2028 monii
859 2002 945 2034 abb.¹³)
982 2002 1010 2028 P.
1025 2002 1191 2029 Guilielmus
1204 2004 1372 2037 Gresperger
1386 2003 1607 2030 Cremifanensis.
1644 2003 1773 2030 Charitas
1786 2003 1885 2030 Sabus-

591 2044 676 2070 bokin
695 2053 746 2070 sor.
761 2044 785 2070 la
804 2045 832 2070 in
852 2045 1072 2083 Seeligenthall.]

539 2086 662 2113 Andreas
681 2087 740 2120 pbr.
755 2089 783 2114 et
802 2096 837 2114 m.
852 2088 878 2113 in
895 2089 992 2115 Beijrn.
1024 2089 1158 2123 Georgius
1169 2089 1270 2115 Wiersl
1291 2089 1351 2123 pbr.
1366 2091 1394 2116 et
1409 2098 1468 2115 cau.
1483 2090 1518 2116 ad
1532 2090 1587 2115 Sum
1601 2089 1757 2116 Nicolaum.
1790 2089 1884 2116 Simon

592 2130 652 2162 pbr.
670 2131 698 2155 et
721 2139 754 2155 m.
800 2131 838 2163 [P.
857 2130 1014 2158 Alexander
1033 2132 1096 2158 Pesl
1121 2132 1148 2158 in
1167 2132 1377 2158 Obernaltaich.
1420 2133 1449 2159 D.
1467 2132 1592 2158 Andreas
1612 2132 1743 2159 Graserus
1767 2133 1831 2159 abb.
1850 2133 1885 2159 ad

592 2171 647 2196 Sum
662 2172 807 2205 Petrum.'¹)
843 2173 872 2200 P.
886 2174 1002 2200 Iacobus
1016 2175 1106 2201 Karna
1122 2174 1234 2201 ibidem.
1272 2175 1299 2202 P.
1315 2175 1495 2201 Balthasarus
1508 2175 1600 2202 Blank
1619 2175 1647 2201 in
1662 2175 1886 2203 Nidernaltaieh.

592 2214 622 2240 D.
637 2214 804 2241 Valentinus
828 2225 905 2249 ppos.
924 2216 952 2242 in
971 2217 1126 2250 Weyarn.⁸)
1170 2218 1199 2244 P.
1220 2218 1379 2244 Leonardus
1403 2218 1578 2252 Sauspacher
1603 2218 1630 2244 in
1658 2218 1885 2246 Cremsmiinster.

592 2257 621 2283 P.
636 2258 790 2290 Raymarus
809 2259 952 2293 Stromayr
971 2260 1065 2287 Cellae
1083 2261 1235 2288 Marianae.
1272 2262 1301 2287 P.
1316 2261 1483 2288 Benedictus
1500 2261 1617 2288 Reiitter
1636 2261 1665 2288 in
1679 2261 1783 2288 Andex.
1821 2263 1885 2288 Ber-

591 2300 693 2326 nartius
711 2301 825 2328 Hiibuer
843 2303 903 2336 pbr.
919 2305 947 2329 et
966 2304 1010 2337 m.]

541 2342 655 2369 loannes
673 2344 732 2376 pbr.
747 2346 775 2371 et
788 2354 822 2370 m.
836 2345 864 2371 in
878 2346 1059 2380 Alderspaeh.
1092 2347 1238 2373 Udalrieus
1257 2357 1282 2373 n.
1297 2356 1318 2374 e.
1332 2356 1367 2374 m.
1399 2347 1533 2381 Georgius
1547 2348 1712 2375 Arnstorffer
1725 2357 1750 2374 n.
1765 2357 1786 2374 c.
1801 2348 1885 2381 prior.

594 2386 632 2419 [P.
650 2386 794 2413 Udalrieus
814 2388 946 2415 Peuttner
966 2389 992 2415 in
1015 2390 1189 2417 Ranshoven.
1225 2391 1346 2417 Michael
1366 2391 1494 2422 Fendrer,
1512 2391 1707 2425 Wolfgangus,
1727 2391 1886 2425 Stephanus

593 2429 652 2461 pbri
673 2432 700 2455 et
720 2431 779 2456 cani
799 2430 825 2456 in
846 2432 1045 2459 Waldhausen.
1088 2434 1117 2460 P.
1136 2434 1257 2460 Michael
1277 2433 1418 2460 Aiusidler
1440 2433 1468 2459 in
1487 2433 1710 2460 Nidernaltaich.
1754 2434 1783 2461 P.
1798 2435 1885 2461 Wolf-

337 2538 360 2570 a)
381 2539 413 2563 Ιη
432 2541 547 2571 maryz'ne
566 2541 683 2565 addition
701 2547 736 2566 est
749 2552 827 2567 manu
840 2545 939 2569 eadem.-
959 2546 1051 2577 ‚16492
1140 2546 1164 2579 b)
1185 2546 1218 2571 In
1231 2547 1347 2579 mar-,qim
1360 2547 1518 2578 adscriptum
1531 2551 1566 2572 est
1578 2555 1657 2571 manu
1670 2547 1771 2572 eadem:
1791 2547 1884 2579 ‚1640‘.

340 2615 359 2646 ¹)
383 2614 428 2641 Ob.
443 2624 466 2640 a.
482 2618 551 2641 1585.
658 2618 678 2648 ²)
699 2617 744 2643 Ob.
758 2627 782 2644 α.
797 2622 864 2645 1495.
973 2621 993 2653 ³)
1014 2621 1059 2647 Ob.
1074 2630 1098 2647 a.
1112 2626 1180 2649 1501.
1288 2624 1309 2655 ⁴)
1333 2622 1379 2649 Ob.
1394 2632 1418 2649 a.
1433 2625 1506 2649 1503.
1614 2624 1634 2655 ⁶)
1653 2622 1718 2648 Dies
1742 2622 1833 2649 anniv.
1850 2622 1887 2648 acl

234 2657 338 2683 mallum
356 2657 589 2726 Iohannemocgrtc
607 2658 703 2689 Τέἶθννὶ
718 2662 809 2692 polest.
909 2663 929 2694 6)
953 2662 998 2689 ΟΖ).
1012 2671 1037 2689 a.
1052 2667 1116 2690 1640
1135 2664 1281 2696 (Lindner:
1301 2665 1352 2691 Ιιιῑ.
1365 2665 1416 2698 29).
1512 2665 1532 2696 ⁷)
1556 2664 1600 2691 Ob.
1614 2673 1638 2690 (ι.
1652 2668 1718 2691 1609
1738 2664 1886 2698 (Ειῖηᾶνιενι

467 2701 487 2732 S)
547 2721 552 2726 .
566 2709 590 2727 a.
606 2704 674 2727 1639.

234 2700 298 2726 Dec.
312 2700 360 2732 13).
