2054 2948
284 103 345 132 338

402 354 440 379 id.
507 353 547 379 13.

288 653 388 679 XVIII.
404 652 459 678 kal.
509 652 547 678 14.

299 991 388 1018 XVII.
402 992 458 1018 kal.
505 993 545 1018 15.

314 1163 386 1189 XVI.
401 1164 454 1189 kal.
501 1163 543 1190 16.

332 1419 390 1445 XV.
405 1419 460 1446 kal.
506 1420 545 1445 17.

314 1633 387 1658 XIV.
402 1633 457 1659 kal.
505 1633 543 1659 18.

311 1847 385 1873 XIII.
399 1847 454 1873 kal.
501 1848 544 1874 19.

323 2016 383 2042 XII.
398 2017 456 2043 kal.
501 2019 541 2044 ⁶20.

344 2229 390 2255 XI.
404 2230 458 2256 kal.
505 2231 546 2257 ⁵21.

355 2441 387 2466 X.
402 2442 455 2467 kal.
501 2443 542 2468 22.

895 95 1080 122 DIOECESIS
1099 93 1322 121 LENTIENSIS.

642 181 763 208 Michael
788 181 847 215 pbr.
865 181 897 207 cle
920 180 1050 207 Admont.
1087 179 1200 206 Carolus
1224 180 1313 205 novius
1337 178 1451 205 ibidem.
1487 178 1629 213 Religiosa
1643 179 1720 214 virgo
1740 179 1832 207 Maria
1845 180 1933 208 Bene-

644 224 720 250 dicta
739 224 844 249 smonlig
868 224 896 249 in
916 223 1050 256 Nunberg
1073 222 1237 256 Salisburgi.
1279 222 1335 247 Sor.
1353 221 1476 247 Barbara
1502 221 1527 246 1⁸²
1546 221 1658 248 ibidem.
1698 222 1728 248 P.
1747 223 1880 249 Paulinus
1900 224 1933 250 de

643 266 723 297 Rott,
750 266 888 299 quondam
908 265 983 299 prior
1001 265 1113 292 ibidem.
1151 264 1316 291 Guilielinus
1335 264 1396 298 pbr.
1414 264 1442 289 in
1463 264 1704 299 Closter-neuburg.
1740 266 1853 293 Maurus
1873 266 1933 300 pbr.

642 309 670 335 iu
690 309 793 336 Altach
813 308 961 343 Superiori.
998 308 1158 334 Matthaeus
1178 308 1238 340 pbr.
1252 307 1281 333 in
1301 307 1479 333 Oberaltach.

593 352 643 378 Ob.
658 352 757 378 Petrus
775 352 835 385 pbr.
855 351 887 377 de
905 350 1122 377 Cremsminster.
1154 349 1248 375 Sixtus
1267 349 1342 382 prior
1361 350 1394 375 de
1413 349 1532 376 Mellieo.
1563 350 1594 377 D.
1607 351 1716 377 Marcus
1735 351 1798 378 abb.
1811 352 1930 379 Metten-

642 394 711 425 sis.¹)
757 394 872 420 Ioannes
900 393 959 426 pbr.
979 393 1012 419 de
1038 393 1070 418 S0
1088 392 1228 418 Udalrico.
1272 392 1387 418 Ioannes
1410 392 1621 425 Chrysostomus
1643 394 1704 427 pbr.
1720 394 1754 421 de
1779 394 1930 421 Chiemsee.

641 437 673 463 D.
688 437 845 470 Stephanus
863 436 927 462 abb.
941 435 969 460 in
983 434 1221 468 P1·unfeningen.²)
1251 434 1372 465 Maurus,
1392 435 1582 469 Hieronymus,
1601 436 1751 463 Balthasar
1770 439 1798 463 et
1817 437 1933 464 Ioannes

640 479 700 513 pbri
724 479 835 505 ibidem.
882 478 1018 511 Caspai-us
1040 478 1102 511 pbr.
1121 480 1149 504 et
1175 485 1230 504 sen.
1253 487 1279 503 n.
1298 486 1320 504 c.
1362 477 1491 504 Placidus
1514 478 1574 512 pbr.
1593 479 1629 505 ad
1652 479 1709 505 Sum
1727 479 1878 506 Martinum
1904 480 1933 506 in

642 522 794 548 Pannonia.
831 521 956 547 Susanna
984 521 1060 554 profi²
1087 521 1115 546 in
1139 521 1274 554 Nunberg
1302 521 1464 555 salisburgi.
1517 522 1649 555 Iosephus
1675 522 1736 556 pbr.
1757 522 1787 548 in
1814 522 1930 550 Metten.

641 566 753 591 Maurus
781 565 840 598 pbr.
862 564 890 590 in
913 564 1027 590 Metten.
1073 564 1187 590 Maurus
1215 564 1274 597 pbr.
1297 563 1333 589 ad
1359 563 1404 589 S0S
1422 563 1583 590 Udalricum
1608 566 1636 591 et
1658 565 1754 592 Afram
1777 565 1931 600 Augustae.

642 608 753 633 Maurus
773 607 833 640 pbr.
847 607 874 632 in
894 606 972 633 Seon.

595 651 644 677 Ob.
663 650 757 676 sixtus
776 659 817 676 ον.
837 650 871 676 de
895 649 1016 675 Mellico.
1060 650 1092 675 D.
1110 649 1228 675 Ioannes
1251 648 1315 675 abb.
1333 648 1366 675 cle
1384 647 1488 681 Seon.³)
1530 648 1686 675 Bernardus
1714 658 1755 675 ev.
1773 649 1806 675 de
1829 650 1930 676 Altaeh

640 692 772 719 Inferiori.
815 692 956 718 Conradus
982 692 1015 718 de
1042 691 1183 718 Gottwico
1209 691 1269 725 pbr.
1312 690 1451 717 Romanus
1474 692 1534 725 pbr.
1552 691 1585 718 de
1609 692 1770 726 Tegernsee.
1810 692 1930 726 Alypius

642 735 702 769 pbr.
716 735 750 761 ad
771 735 827 761 Sum
842 735 987 761 Zenonem.
1024 734 1182 760 Leouardus
1202 734 1262 767 pbr.
1276 733 1305 760 in
1323 733 1434 761 Gleink.
1470 734 1634 761 Elisabetha
1653 735 1730 768 profa
1747 734 1777 761 in
1796 735 1932 770 Nunberg

639 777 801 811 Salisburgi.
840 777 976 811 Casparus
996 777 1055 811 pbr.
1070 777 1248 803 Mellicensis.
1286 776 1429 810 Religiosa
1448 777 1526 810 virgo
1547 777 1723 811 Hildegardis
1741 777 1770 804 in
1789 777 1934 812 Nunberg.

640 821 756 847 Ioannes
772 820 902 854 Baptista
921 820 981 853 pbr.
996 828 1028 846 ex
1041 819 1194 846 Chiemsee.
1226 819 1364 846 Martinus
1385 820 1443 853 pbr.
1457 820 1492 846 ad
1510 820 1567 846 Sum
1580 820 1731 847 Martinam
1750 821 1779 847 in
1797 821 1932 855 Ungaria.

638 863 784 889 Albericus
812 864 841 888 et
866 862 1030 889 Franciscus
1058 863 1118 896 pbri
1143 862 1171 888 in
1194 862 1424 889 Rottenhaslach.
1467 862 1630 889 Franciscus
1653 863 1712 897 pbr.
1732 863 1761 889 in
1784 863 1932 891 Weiehen-

640 906 767 939 stephan.
810 905 869 932 Eva
890 906 1040 940 Apollonia
1064 907 1139 940 prof²³
1164 906 1193 931 in
1217 904 1385 938 Niderburg.
1430 905 1598 932 Adalbertus
1617 905 1677 939 pbr.
1695 906 1934 940 Altenburgensis.

639 948 800 975 Dominicus
819 948 879 982 pbr.
894 949 921 974 in
940 948 1120 975 Oberaltach.

591 991 640 1017 Ob.
656 991 687 1017 D.
701 991 837 1017 Osvaldus
857 992 960 1024 abb.⁴),
988 991 1128 1018 Conradus
1152 991 1212 1025 pbr.
1230 991 1257 1017 in
1278 991 1443 1024 Tegernsee.
1480 991 1597 1018 Ioannes
1620 991 1654 1018 de
1673 991 1827 1024 Gottwico,
1848 992 1933 1021 Udal-

642 1034 714 1060 ricus
734 1034 766 1061 de
785 1034 947 1069 Salzburga,
967 1035 1084 1061 Ioannes
1104 1035 1137 1061 de
1157 1036 1285 1068 Augusta
1305 1034 1374 1067 pbri.
1411 1033 1442 1059 D.
1457 1033 1545 1060 Lucas
1564 1034 1628 1060 abb.
1645 1034 1931 1069 Prunveniugensis.⁶)

639 1077 755 1103 Iacobus
776 1078 836 1111 pbr.
851 1078 886 1103 ad
905 1077 1001 1104 Scotos
1020 1077 1154 1104 Viennae.
1191 1076 1348 1103 Ioachimus
1366 1076 1427 1110 pbr.
1441 1076 1470 1102 in
1489 1076 1613 1103 Ossiach.
1650 1077 1682 1103 D.
1696 1077 1808 1104 Maurus
1827 1078 1891 1105 abb.
1905 1078 1933 1104 in

641 1120 832 1154 Altenbu1·g.⁰)
869 1120 1034 1147 Godefridus
1053 1121 1113 1154 pbr.
1128 1120 1156 1146 in
1177 1120 1290 1154 Spittal.
1327 1120 1469 1146 Amandus
1487 1120 1547 1154 pbr.
1564 1120 1814 1154 Cremiphaneusis.

592 1163 641 1190 Ob⁴
657 1163 852 1197 Cristophorus
872 1166 900 1190 et
920 1164 1022 1190 Paulus
1042 1164 1102 1197 pbri
1122 1164 1155 1190 de
1174 1163 1321 1190 Gottwieo.
1364 1163 1522 1196 Stephanus
1540 1163 1573 1189 de
1593 1163 1670 1190 Cella
1686 1164 1799 1195 Mariae,
1818 1164 1935 1191 Ioannes

641 1206 674 1233 de
694 1207 756 1233 Attl
780 1207 848 1240 pbri.
886 1206 1017 1233 Placidus
1036 1207 1096 1240 pbr.
1118 1206 1151 1233 de
1171 1206 1274 1232 Altaeh
1294 1205 1429 1232 Inferiori.
1473 1206 1652 1232 Sebastianus
1674 1207 1734 1241 pbr.
1753 1207 1787 1233 de
1811 1207 1932 1234 Mansee.

640 1249 815 1276 Guilhehuus
838 1250 898 1283 pbr.
916 1249 949 1275 de
969 1250 1047 1276 Seon.
1091 1249 1180 1275 Maria
1199 1249 1304 1275 Thecla
1329 1249 1405 1283 prosa
1428 1249 1456 1274 in
1480 1248 1656 1284 Nidernburg
1681 1249 1815 1276 Passavii.
1852 1250 1933 1276 Wili-

639 1292 739 1318 baldus
759 1293 818 1326 pbr.
832 1292 860 1318 in
884 1292 1014 1326 Scheyrn.
1047 1292 1191 1326 Religiosa
1210 1292 1289 1326 virgo
1308 1291 1398 1318 Maria
1416 1291 1590 1318 Scholastica
1609 1292 1686 1326 profu
1703 1293 1731 1318 in
1745 1292 1931 1328 Nidernburg.

638 1335 773 1361 Henricus
792 1336 853 1369 pbr.
867 1335 903 1361 ad
922 1335 978 1361 S¹¹¹¹¹
993 1335 1136 1362 Zenonem.
1168 1335 1348 1361 Sebastianus
1368 1335 1428 1368 pbr.
1442 1334 1470 1360 in
1486 1335 1562 1361 Rott.
1595 1335 1789 1362 Aldobrandus
1808 1336 1931 1363 subdiac.

641 1378 883 1412 Baumburgensis.

591 1420 641 1446 Ob.
655 1421 686 1445 D.
701 1420 844 1446 Chilianus
858 1421 921 1447 abb.
936 1421 963 1446 in
977 1420 1195 1452 Seittenstetn.⁷)
1227 1420 1366 1454 Rupertus
1386 1420 1419 1446 (le
1438 1420 1597 1454 Salzburga,
1617 1421 1733 1447 Ioannes
1751 1421 1785 1448 de
1804 1421 1931 1455 Augusta

640 1463 708 1496 pbri.
746 1463 879 1497 Georgius
900 1464 959 1497 pbr.
973 1463 1001 1489 in
1021 1463 1185 1497 Tegernsee.
1223 1462 1358 1497 Georgius
1376 1463 1436 1497 pbr.
1451 1463 1484 1488 de
1503 1463 1663 1497 Salzburga.
1699 1464 1808 1490 Blasius
1828 1465 1888 1498 pbr.
1901 1464 1930 1491 in

642 1506 806 1540 Tegei-nsee.
857 1506 971 1533 Gabriel
1003 1506 1063 1540 pbr.
1086 1507 1119 1532 de
1146 1506 1249 1532 Altach
1279 1505 1413 1532 Inferiori.
1465 1505 1625 1539 Alphonsus
1657 1507 1726 1540 pros.
1749 1506 1783 1533 de
1810 1507 1931 1534 Monsee.

640 1548 767 1581 Ignatius
795 1549 855 1583 pbr.
874 1549 903 1575 in
928 1549 1098 1583 Baumburg.
1148 1549 1285 1582 Casparus
1309 1549 1369 1582 pbr.
1388 1548 1417 1574 in
1442 1548 1619 1575 Oberaltach.
1665 1548 1801 1575 Antonius
1820 1550 1880 1583 pbr.
1901 1550 1931 1576 in

638 1591 757 1618 Monsee.
795 1592 926 1619 Placidus
945 1592 1004 1625 pbr.
1018 1602 1044 1618 n.
1059 1593 1110 1623 (2²²)
1148 1591 1286 1618 Antonius
1304 1591 1364 1625 pbr.
1378 1592 1414 1617 ad
1434 1592 1489 1615 gum
1504 1591 1671 1618 Florianum.

589 1634 639 1660 Ob.
659 1635 794 1661 Hem-icus
823 1635 883 1669 pbr.
902 1636 935 1661 de
963 1635 1083 1662 Mellico.
1131 1635 1229 1661 Petrus
1255 1635 1314 1668 pbr.
1333 1643 1395 1660 cum
1424 1634 1487 1660 aliis
1515 1636 1577 1661 octo
1605 1634 1639 1661 de
1666 1635 1767 1662 Altaeh
1796 1636 1929 1662 Inferiori.

639 1677 774 1712 Georgius
799 1679 859 1712 pbr.
880 1679 913 1705 de
933 1679 1052 1705 Mellico.
1090 1678 1215 1704 Andreas
1237 1678 1298 1712 pbr.
1319 1678 1354 1704 ad
1372 1678 1429 1703 Sum
1444 1677 1631 1711 Lampertum.
1671 1677 1806 1712 Aegidius
1824 1679 1884 1712 pbr.
1903 1679 1932 1704 in

639 1721 863 1748 Seittenstfitten.
914 1722 1111 1748 Gottscbalcus
1145 1721 1204 1755 pbr.
1227 1721 1256 1747 iu
1280 1721 1390 1747 Gleink.
1440 1721 1579 1747 Guarinus
1605 1721 1665 1754 pbr.
1688 1720 1931 1755 Baumburgensis.

639 1764 836 1790 Gamulbertus
855 1764 915 1798 pbr.
930 1765 957 1790 in
978 1765 1093 1791 Metten.
1125 1764 1271 1790 Anselmus
1291 1767 1319 1790 et
1338 1763 1486 1798 Gregorius
1507 1763 1565 1797 pbri
1584 1763 1696 1789 ibidem.
1733 1764 1851 1798 Magnus
1871 1765 1931 1797 pbr.

639 1807 664 1831 in
684 1807 814 1833 Admont.
853 1807 1011 1833 bonifacius
1033 1808 1092 1841 pbr.
1106 1807 1141 1833 ad
1161 1807 1256 1833 Scotos
1279 1806 1410 1833 Viennae.

589 1848 639 1874 Ob.
655 1849 797 1875 Conradus
812 1858 852 1876 cv.
868 1850 900 1876 de
915 1850 1062 1876 Gottwico.
1095 1849 1225 1876 Placidus
1239 1850 1303 1876 abb.
1317 1849 1461 1875 Scotorum
1472 1848 1595 1874 Viennae
1603 1850 1631 1881 ⁸),
1645 1849 1714 1882 prof.
1728 1849 1755 1875 in
1768 1848 1929 1883 Salzburga.

641 1892 797 1918 Leonnrdus
827 1893 886 1926 pbr.
908 1894 935 1918 in
960 1893 1125 1927 'I’egernsee
1172 1892 1358 1925 VVolfgangus
1380 1892 1441 1926 pbr.
1460 1892 1490 1918 in
1518 1892 1626 1918 Gleink.
1672 1891 1796 1917 Albanus
1820 1892 1880 1925 pbr.
1900 1891 1930 1917 in

638 1934 753 1961 Metten.
786 1935 815 1961 P.
831 1936 945 1962 loannes
959 1935 1124 1962 Godefridus
1139 1935 1215 1969 prior
1228 1935 1339 1962 ibidem.
1373 1937 1452 1961 Anna
1470 1935 1547 1968 prosa
1566 1934 1595 1960 in
1614 1935 1749 1968 Nunberg
1766 1933 1931 1968 Salisburgi.

640 1977 825 2012 wolfgangus
845 1979 905 2012 pbr.
919 1979 954 2005 ad
974 1982 1109 2009 Quereum
1131 1978 1314 2012 Superiorem.
1350 1978 1493 2004 Amandus
1513 1977 1572 2011 pbr.
1586 1977 1615 2003 in
1635 1977 1764 2004 Admont.

589 2020 639 2046 Ob.
655 2020 836 2053 marquardus
861 2030 917 2048 acc.
937 2022 964 2047 in
985 2022 1147 2055 Tegernsee.
1191 2021 1308 2048 lacobus
1328 2030 1368 2047 cv.
1386 2021 1419 2047 de
1438 2020 1599 2054 Salzburga.
1639 2020 1798 2054 Stephanus
1817 2020 1877 2054 pbr.
1897 2020 1930 2047 de

638 2063 802 2090 Ratishona.
833 2064 946 2090 Maurus
961 2064 1020 2098 pbr.
1036 2065 1070 2090 (le
1083 2064 1204 2091 Mellieo.
1236 2064 1374 2097 Casparus
1392 2063 1452 2097 pbr.
1466 2063 1500 2089 de
1513 2063 1615 2090 Altach
1628 2062 1763 2089 Inferiori.
1795 2062 1930 2097 Georgius

638 2105 697 2138 pbr.
716 2106 749 2131 de
768 2106 1010 2134 Raittenhaslach.
1047 2107 1187 2133 Candidus
1207 2107 1265 2140 pbr.
1284 2106 1311 2132 in
1330 2106 1524 2132 Unteraltach.
1561 2105 1647 2132 Maria
1667 2106 1745 2132 Anna
1765 2105 1930 2132 Constantia

638 2147 665 2173 in
693 2148 833 2183 Nunberg.
883 2150 971 2176 Maria
998 2150 1165 2184 Magdalena
1192 2150 1268 2183 profa
1291 2149 1321 2175 in
1345 2149 1478 2175 Kiebacb.
1530 2149 1683 2175 Hei-manus
1711 2148 1772 2182 pbr.
1791 2147 1821 2174 in
1845 2148 1930 2175 Melk.

639 2190 768 2217 Ernestus
788 2193 848 2225 pbr.
863 2192 975 2219 ibidem.
1012 2193 1171 2219 Desiderius
1190 2193 1249 2226 pbr.
1264 2192 1293 2218 in
1313 2192 1391 2218 Seon.

593 2232 642 2258 Ob.
656 2233 723 2259 Otto
742 2234 774 2259 de
794 2234 871 2260 Pless
891 2237 919 2261 et
932 2235 1098 2262 Elisabetba
1112 2245 1154 2261 ux.
1169 2235 1236 2266 eiuS‚
1250 2234 1441 2261 benefactores
1458 2234 1492 2260 ni.
1525 2233 1673 2260 Mauritius
1691 2233 1751 2267 pbr.
1765 2233 1799 2260 de
1812 2233 1930 2260 Seitten-

641 2277 738 2301 steten.
771 2277 945 2307 Benedictus,
966 2278 1138 2311 Augustinus
1157 2278 1218 2311 pbri
1238 2278 1270 2304 de
1289 2277 1410 2303 Menico.
1441 2277 1582 2303 Amandus
1602 2277 1661 2310 pbr.
1676 2276 1708 2302 tle
1727 2276 1804 2302 Seon.
1834 2276 1928 2302 Simon

637 2318 696 2350 pbr.
714 2319 747 2345 de
772 2319 998 2347 Cremsmiinster.
1044 2321 1076 2347 D.
1098 2320 1228 2352 Quirinus
1251 2320 1314 2346 abb.
1334 2320 1366 2346 de
1390 2319 1493 2346 Altach
1518 2319 1678 2352 Inferiori.⁹)
1715 2319 1797 2345 Vitus
1821 2319 1881 2352 pbr.
1900 2321 1928 2344 et

639 2360 702 2385 olim
723 2361 798 2394 prior
817 2362 844 2388 in
863 2363 993 2389 Admont.
1030 2364 1151 2390 Michael
1171 2364 1230 2397 pbr.
1250 2365 1278 2389 et
1295 2371 1351 2389 sen.
1372 2362 1399 2388 in
1419 2362 1528 2389 Gleink.
1562 2362 1673 2388 Maurus
1692 2362 1751 2395 pbr.
1770 2361 1798 2387 in
1816 2361 1925 2388 Gleink.

639 2403 686 2429 Ivo
707 2404 765 2436 pbr.
781 2404 1065 2440 Reicherspergensis.

587 2443 638 2470 Ob.
650 2445 784 2478 Georgius
804 2447 836 2472 de
856 2448 1004 2479 Gottwico,
1024 2449 1142 2475 Iacobus
1161 2449 1194 2474 (le
1213 2447 1423 2474 Cremsminster
1442 2447 1510 2480 pbri.
1546 2446 1679 2480 Georgius
1698 2446 1758 2480 pbr.
1772 2446 1805 2472 de
1825 2446 1927 2472 Altach

641 2487 775 2515 Inferiori.
808 2490 965 2516 Leonardus
980 2491 1040 2524 pbr.
1054 2491 1167 2518 ibidem.
1194 2492 1226 2517 D.
1240 2491 1350 2516 Marcus
1370 2490 1444 2523 prior
1462 2489 1495 2516 de
1508 2489 1643 2523 Augusta,
1663 2489 1726 2515 abb.
1744 2489 1773 2514 in
1791 2489 1927 2522 Mettn.¹⁰)

382 2553 405 2583 a)
430 2554 459 2578 [n
478 2563 559 2586 mary.
574 2556 636 2580 add.
647 2557 738 2587 †1695.

387 2611 405 2642 ¹)
426 2611 473 2637 Ob.
487 2616 594 2639 a.159·2.
713 2616 733 2646 ²)
757 2615 802 2641 Ob.
815 2620 924 2648 a.1653,
944 2618 999 2643 dies
1018 2619 1090 2644 varie
1108 2618 1236 2644 traditur.
1351 2619 1370 2651 ³)
1391 2618 1438 2644 Ob.
1452 2621 1558 2644 a.1476.
1677 2618 1696 2650 4)
1718 2616 1929 2651 Teqewweensis,

222 2680 227 2683 ,
279 2652 319 2679 ob.
333 2661 357 2678 α.
370 2656 440 2679 1418.

553 2656 571 2686 ⁵)
596 2655 640 2682 Ol)-
655 2665 679 2682 (1-
692 2661 757 2684 1631.
875 2662 894 2692 ⁶)
918 2660 962 2686 Ob.
977 2670 1002 2687 a.
1015 2664 1086 2691 1681,
1107 2661 1160 2686 dies
1179 2662 1250 2687 varie
1270 2661 1397 2687 traditur.
1510 2661 1529 2693 ⁷)
1553 2660 1598 2687 Ob.
1614 2663 1722 2687 a.1501.
1837 2661 1857 2692 ⁵)
1881 2659 1926 2686 Ob.

279 2703 305 2721 a.
318 2699 388 2721 1500.
495 2698 514 2727 ⁹)
537 2696 580 2723 Ob.
594 2702 700 2730 a.1592‚
720 2700 775 2726 dics
796 2702 865 2727 varie
884 2703 1013 2729 traditur.
1121 2705 1153 2737 ¹⁰)
1178 2704 1223 2730 Ob.
1237 2707 1334 2730 a.159·2
1352 2712 1437 2730 mense
1455 2703 1555 2736 Aprili.
