2054 2948
241 86 301 136 3ἱᾷ8

320 274 352 299 V.
367 273 422 299 kal.
467 273 508 300 28.

306 556 351 582 IV.
365 556 421 582 kal.
466 556 506 581 29.

306 701 355 727 111.
369 701 425 726 kal.
469 701 509 726 30.

319 803 351 828 II.
366 802 421 828 kal.
467 803 507 828 31.

366 1141 422 1167 kal.
488 1140 509 1166 l.

311 1549 358 1576 IV.
373 1558 435 1575 non.
490 1549 513 1574 2.

307 1790 353 1815 III.
368 1797 431 1815 non.
485 1789 510 1816 ὃ.

326 1892 359 1918 II.
374 1900 434 1918 non.
488 1892 512 1917 4.

374 2053 435 2070 non.
489 2045 514 2070 Γ).

281 2096 355 2121 VIII.
371 2095 405 2121 id.
489 2096 511 2121 6.

300 2300 361 2326 VII.
375 2300 410 2326 id.
495 2301 517 2326 7.

315 2521 361 2547 VI.
374 2522 410 2547 id.
493 2523 508 2547 S

853 78 1038 105 DIOECESIS
1058 77 1280 104 LENTIENSIS.

600 167 726 208 graoius
764 166 870 197 Lfiuer
904 166 947 196 im
979 164 1066 205 Pyrn
1098 174 1146 194 a0.
1173 165 1233 194 etc.
1266 162 1386 202 <14)60.
1452 160 1512 191 Ob.
1544 160 1663 201 Symon
1696 160 1894 192 Zaidhauser

605 220 694 249 1475.
742 217 802 248 Ob.
820 216 1032 257 NVolfeangus
1055 214 1262 246 Pauehneoht
1285 214 1317 244 in
1342 213 1437 244 domo
1461 213 1531 243 hac.

554 268 782 300 Ohunradus
807 267 1016 298 Taulbech.
1069 265 1235 306 Brigida
1266 276 1322 295 ux.
1347 274 1425 295 sua.
1477 263 1683 295 Hainricus
1707 265 1833 307 Pager
1857 271 1895 298 et

602 319 793 350 Gedrudis
810 329 867 349 ux.
886 329 952 349 sua
974 321 1010 349 et
1026 316 1211 357 Alhaydis
1229 326 1346 356 nepos
1363 315 1513 347 Babari.
1547 315 1771 348 chunradus
1787 318 1894 349 filius

601 371 709 403 Petri
732 370 943 401 Piscatoris
971 369 1026 399 Ob.
1086 373 1145 399 Hac
1166 372 1210 398 die
1227 381 1271 398 ao.
1288 367 1321 398 Di
1339 371 1403 397 15‘21
1421 371 1466 398 ob.
1483 371 1586 398 nobilis
1610 374 1640 398 et
1655 368 1738 400 venlis
1754 373 1804 406 vir,
1825 383 1894 408 mgr.

603 423 700 449 Petrus
719 423 810 452 Gmsz,
830 422 903 455 pleb.
922 421 949 447 in
969 421 1120 453 Talhaym,
1144 420 1237 445 fautor
1256 418 1378 452 optimus
1398 417 1511 451 collegii
1530 417 1570 450 h.‚
1594 418 1643 451 qui
1666 420 1694 446 et
1713 421 1833 446 testatus
1853 422 1896 447 est

602 465 695 499 plures
719 464 827 491 codices
854 464 973 494 nobiles,
998 463 1087 489 eciam
1106 463 1121 488 4
1140 460 1314 488 lectisternia
1334 469 1395 487 cum
1414 460 1471 486 suis
1484 461 1643 488 attinentiis
1663 463 1691 488 et
1710 462 1798 489 tribus
1818 463 1896 489 cistis

602 508 630 534 in
649 507 810 534 memoriam
829 506 920 532 anime
940 514 995 537 sne,
1016 514 1068 538 que
1088 512 1196 537 semper
1214 504 1237 529 d.
1253 512 1278 530 v,

553 551 613 582 Ob.
632 551 719 591 on-gl
744 550 807 580 und
831 549 944 587 Peter,
973 547 1174 589 Margareth,
1200 546 1356 584 Chfinrat.
1380 545 1567 587 Hainreioh,
1592 546 1780 589 Elyzabeth,
1804 550 1896 590 pueri

602 602 754 633 Iohannis
778 611 829 631 am
853 599 1158 631 Fiiwchtschachen.
1208 603 1259 629 Ao.
1277 597 1309 628 Di
1327 601 1392 627 1501
1411 602 1455 628 ob.
1473 602 1646 629 honorabilis
1664 603 1713 636 vir,
1733 604 1766 631 D.
1781 604 1897 639 Egidius

604 652 801 681 Pernndorffer,
823 651 874 676 vie.
890 650 917 676 in
938 650 1063 676 Gersten.

556 695 619 726 Ob.
644 694 857 735 Elyzabeth
883 694 971 724 filia
995 693 1147 724 iuvenis
1169 691 1362 723 Ohfinradi
1386 692 1433 722 im
1454 691 1551 723 Pirn.
1591 693 1688 724 Item
1705 694 1896 727 Iohannes

603 747 712 777 filius
736 745 915 776 eiusdem.

555 798 614 829 Ob.
633 797 873 835 WVernhartinn,
899 807 960 837 que
989 796 1048 826 fuit
1071 795 1203 836 antiqua
1226 795 1285 832 Da,
1317 794 1374 825 sub
1398 805 1447 825 ao.
1466 794 1504 825 Di
1526 797 1614 826 1402.
1657 795 1718 827 Ob.
1737 796 1897 830 Christina

604 849 667 879 filia
696 848 956 883 Smekhenczelt,
985 858 1037 877 ux.
1059 836 1180 877 [exlblini
1210 846 1285 877 dieti
1315 845 1479 877 Traehter.
1533 846 1683 878 Urbanus
1712 848 1795 879 filius
1819 850 1895 880 eius.

603 901 663 931 Ob.
682 900 842 930 Iohannes
855 899 1024 939 Wulffing.
1065 897 1124 928 Ob.
1143 897 1304 929 Ohristina
1327 908 1408 938 puer
1424 898 1522 938 ipsius
1540 897 1696 930 Schrekh.
1730 899 1899 932 Oswaldus

604 952 741 983 famulus
766 950 888 981 domus.

934 1060 963 1095 N
968 1059 1207 1094 OVEMBEP..

555 1135 604 1166 Da
627 1134 839 1165 Katherina
864 1134 917 1164 ob.
936 1134 973 1163 in
1005 1133 1063 1163 dio
1089 1134 1252 1164 omnium
1277 1132 1409 1164 Ss0¹¹¹¹¹'.
1457 1133 1554 1164 Item
1579 1134 1810 1167 Chunradus
1834 1137 1900 1169 der

603 1183 782 1217 Prentlssr
820 1185 893 1215 und
939 1185 1018 1216 sein
1062 1184 1274 1214 hauzzfraw
1316 1183 1455 1225 Elspet
1497 1185 1606 1226 unda)
1650 1186 1811 1218 Ulreich
1855 1199 1900 1220 an

606 1237 673 1268 der
694 1236 747 1268 Ed
771 1237 843 1267 und
869 1237 949 1267 sein
974 1236 1080 1267 filius
1102 1235 1245 1266 Hansel
1269 1235 1344 1266 und
1368 1236 1448 1266 sein
1469 1236 1553 1267 filia
1569 1237 1712 1278 Elspet.
1752 1237 1899 1271 Gotfri-

607 1288 674 1319 dus
698 1299 753 1319 am
778 1288 900 1319 Griez.
938 1287 1210 1328 Chunegundis
1233 1297 1291 1318 ux.
1312 1297 1391 1323 sua3
1416 1289 1525 1328 pueri
1549 1289 1706 1327 Artolfi,
1733 1289 1899 1323 Ohunra-

607 1340 689 1379 (lus,
713 1340 935 1377 Heinricus,
957 1339 1154 1380 Elyzabet.
1174 1337 1381 1376 Geth-udis,
1406 1339 1589 1371 Ieklinus.
1632 1340 1827 1382 Margaret
1842 1353 1899 1374 ux.

607 1390 764 1426 Ortolfi.
796 1391 1001 1422 Hainricus
1032 1391 1111 1421 filii
1142 1390 1257 1430 sui(!).
1317 1389 1544 1421 Chfinradus
1575 1390 1737 1425 Metzlssr
1766 1393 1819 1424 ob.
1846 1405 1899 1426 ao.

607 1443 777 1481 D11306‚
803 1442 948 1473 Ceoilia
972 1443 1057 1473 filia
1082 1443 1162 1473 eius
1186 1444 1221 1472 et
1238 1441 1380 1472 Petrus
1405 1444 1444 1472 et
1467 1442 1672 1479 Iohannes,
1696 1444 1901 1476 Heinricus

607 1498 644 1524 et
667 1493 866 1534 Dymudis‚
891 1493 1150 1533 Elsisabet(!).

559 1545 652 1576 Item
662 1545 689 1585 b)
713 1545 865 1576 Ulricus
890 1556 983 1585 puer
1006 1544 1175 1585 Nicolay.
1216 1544 1276 1575 Ob.
1295 1544 1442 1575 Cristann
1460 1555 1499 1575 an
1517 1544 1574 1575 der
1591 1545 1656 1587 Sag
1673 1556 1744 1577 cum
1763 1546 1799 1578 S⁰
1815 1547 1901 1579 Leo-

608 1595 707 1626 nardo
743 1599 878 1627 testatus
915 1599 964 1627 est
1000 1596 1195 1626 domicilium
1232 1606 1295 1626 una
1330 1606 1401 1626 cum
1436 1606 1524 1627 serra
1562 1596 1682 1627 ibidem
1717 1608 1774 1638 pro
1810 1599 1902 1630 ecclia

606 1647 640 1677 bss
654 1648 782 1688 virginis
800 1658 849 1677 ao.
866 1648 985 1687 (limis.
1024 1652 1083 1677 Hae
1100 1652 1144 1678 die
1161 1660 1204 1678 ao.
1220 1647 1250 1677 Di
1266 1650 1331 1676 1526
1349 1651 1392 1678 ob.
1407 1652 1542 1678 honestus
1555 1652 1759 1687 Wolffgangus,
1776 1654 1902 1688 piscator

608 1699 633 1723 ni
653 1697 764 1731 collegii
784 1698 866 1723 vaide.
886 1697 1038 1731 preciosus,
1059 1698 1109 1724 deo
1130 1707 1162 1724 ac
1182 1697 1340 1724 hominibus
1361 1698 1477 1723 devotus
1495 1700 1524 1724 et
1543 1698 1643 1730 fidelis,
1668 1698 1746 1725 euius
1764 1708 1789 1726 a.
1803 1700 1853 1727 deo
1873 1701 1901 1726 in

605 1743 770 1774 perpetuum
791 1750 813 1765 v.

558 1785 652 1816 Item
676 1784 778 1815 Mficz
807 1784 872 1815 dez
910 1784 1048 1824 Prigen
1073 1783 1179 1814 weib.
1232 1784 1277 1814 Di
1311 1784 1359 1814 ist
1388 1784 1443 1814 tot
1467 1784 1532 1814 dez
1553 1784 1737 1816 nachsten
1766 1789 1901 1828 suntag

608 1836 704 1866 nach
729 1836 835 1867 aller
859 1835 1054 1876 heilingen
1078 1838 1142 1876 tag
1166 1835 1239 1865 und
1264 1836 1342 1866 sein
1368 1835 1519 1866 tochter
1542 1835 1686 1877 Elspet.

559 1886 622 1917 Ob.
644 1887 752 1917 Dierl
784 1886 849 1918 des
884 1886 1083 1927 Haldungs
1115 1898 1180 1917 sun
1209 1887 1316 1917 awfm
1341 1887 1485 1918 Wfirch.
1554 1887 1637 1918 Item
1673 1888 1772 1920 Peter
1806 1889 1900 1920 Hild-

607 1949 707 1979 gram,
725 1938 799 1968 ollm
818 1948 928 1968 servus
946 1938 996 1968 hic
1013 1939 1044 1968 in
1062 1938 1167 1969 domo.
1208 1938 1269 1971 Ob.
1286 1938 1325 1968 D.
1343 1938 1496 1969 Albertus
1514 1937 1605 1979 Gros,
1631 1949 1699 1970 can.
1717 1939 1747 1971 h.
1762 1941 1900 1982 collegii,

609 1989 711 2020 aovi
734 1992 822 2029 1492,
846 1989 904 2020 sub
930 1989 1068 2020 seeundo
1094 1990 1202 2030 lapide
1227 1990 1266 2020 ab
1291 1990 1384 2020 altari
1409 1990 1507 2030 priori
1532 1991 1684 2030 sepultus.

560 2040 768 2071 Ob.Ul1·0icl1
795 2041 852 2072 der
876 2042 920 2072 alt
945 2041 1031 2072 Sfinn
1055 2052 1103 2073 ao.
1123 2042 1161 2072 Di
1181 2044 1270 2072 1424.
1317 2042 1400 2072 Item
1425 2042 1554 2072 Haintzl
1578 2043 1646 2073 sein
1670 2042 1766 2073 enikl.

560 2092 623 2122 Ob.
642 2092 877 2123 Theodricus
902 2093 944 2123 de
971 2093 1201 2134 Abensperg
1229 2104 1258 2134 p.
1278 2104 1334 2132 m.‚
1360 2103 1436 2133 epS.
1462 2092 1757 2134 Ratisponensis
1781 2094 1900 2135 eeclie,

606 2154 710 2184 ppos.
744 2144 1083 2185 Babenbergensis
1127 2145 1303 2185 dyocesis
1343 2147 1379 2175 et
1418 2144 1595 2174 dominus
1631 2144 1661 2174 h.
1695 2144 1901 2185 hospitalis

611 2194 722 2225 ecclic
750 2195 784 2225 in
809 2195 926 2225 Pirno
951 2196 1089 2226 montis
1117 2197 1154 2226 in
1179 2195 1239 2226 die
1264 2196 1290 2226 si
1314 2195 1540 2226 Leonhardi
1572 2196 1810 2227 confessoris
1834 2197 1901 2227 sub

610 2256 663 2276 a0.
681 2246 723 2276 Di
745 2248 846 2277 1383.
894 2246 954 2276 Ob.
973 2246 1140 2277 Dorothea
1164 2246 1284 2277 famula
1309 2247 1424 2278 Lauer.

564 2296 849 2327 Ob.Heini·ious
867 2297 970 2328 filius
988 2296 1135 2339 δίετες-ἒν.
1164 2298 1309 2329 Ob.Ians
1326 2298 1408 2329 filius
1425 2297 1565 2328 Ounradi
1582 2308 1634 2328 am
1648 2297 1756 2338 Stayn.
1785 2303 1843 2329 Hac
1856 2303 1901 2329 die

611 2356 653 2373 ao.
669 2347 780 2373 Di1530
799 2347 842 2373 ob.
864 2348 941 2381 Lang
962 2339 1063 2374 ssnderl
1089 2348 1126 2373 im
1146 2348 1254 2382 spitall,
1281 2348 1329 2381 qui
1353 2348 1419 2374 olim
1443 2348 1498 2374 suit
1520 2348 1648 2374 officialis
1671 2348 1798 2382 collegii,
1823 2348 1900 2374 cuius

612 2399 636 2416 a.
651 2390 701 2416 deo
716 2400 739 2415 v.
787 2391 832 2416 ΑΟ.
858 2390 889 2416 Di
910 2391 976 2417 1533
1002 2391 1071 2417 feria
1097 2391 1143 2417 VI.
1173 2393 1236 2424 post
1262 2391 1418 2417 Leonhardi
1447 2391 1489 2417 ob.
1510 2391 1641 2417 honestus
1668 2400 1737 2424 mgr.
1762 2390 1901 2417 Steffanus

612 2433 749 2463 Gstetner,
769 2433 927 2467 Iigniffiber,
948 2434 1025 2460 cuius
1039 2434 1159 2460 annivius
1172 2434 1317 2468 peragitur
1336 2443 1367 2461 eo
1381 2434 1425 2460 die
1439 2434 1583 2460 annuatim
1603 2443 1636 2460 ex
1650 2434 1748 2460 tzecha
1767 2444 1786 2461 s.
1801 2434 1901 2468 Ioseph

613 2484 674 2501 cum
695 2476 827 2509 Ix'equiem
848 2476 1006 2502 decantato.

512 2544 516 2548 .
563 2519 622 2549 Ob.
648 2530 703 2549 sex
733 2530 903 2560 puerorum
933 2519 1075 2551 Heinriei
1104 2520 1219 2561 Steger
1249 2530 1289 2550 an
1318 2520 1375 2551 der
1400 2520 1508 2551 Obern
1532 2519 1606 2550 mfil.
1651 2518 1711 2550 Ob.
1736 2519 1900 2560 Nycolaus

613 2570 807 2610 Turnhaym.

356 2684 379 2713 ²)
398 2685 450 2708 und
469 2685 583 2710 iteratur.
690 2686 713 2716 ἢ)
736 2687 854 2717 Sequitur
874 2692 933 2712 nota
953 2689 1112 2720 ›zeeroloyiea
1131 2689 1261 2713 exstincta.
