2054 2948
317 128 376 158 120

374 214 421 240 Vl.
434 213 491 239 kal.

389 367 423 394 V.
435 367 492 393 kal.

376 417 423 444 IV.
436 417 492 444 kal.

374 520 422 546 111.
435 519 491 545 kal.

390 726 424 752 Π.
437 725 492 751 kal.

438 1255 494 1280 kal.

379 1562 423 1588 IV.
437 1571 498 1588 non.

380 1665 427 1691 ΙΙΙ.
442 1673 503 1691 non.

394 1819 428 1846 ΙΙ,
441 1827 503 1845 non.

437 1931 501 1949 ΠΟΠ.

353 2126 428 2152 VIII.
442 2126 478 2152 id.

370 2279 431 2305 VH.
444 2279 480 2305 id.

383 2432 430 2458 VI.
444 2432 479 2458 id.

535 212 576 238 27.

537 365 578 392 28.

536 417 577 442 29.

536 519 578 545 30.

538 724 578 750 31.

562 2433 585 2458 S.

908 117 1091 144 DIOECESIS
1110 114 1368 142 PASSAVIENSIS.

621 206 673 238 Fr.
688 206 858 237 Hainricus
875 215 938 235 sae.
954 207 986 235 et
1001 214 1042 234 m.
1055 203 1084 234 h.
1099 202 1172 241 loci,
1190 202 1315 233 dictus
1327 200 1575 231 Walrweokh.
1613 199 1735 242 [Georg
1748 200 1866 242 Eysele
1883 201 1962 233 Sue-

673 268 744 294 vus,
778 255 972 296 Magdalena
997 266 1048 285 ux.
1070 254 1138 284 eius
1161 264 1210 284 ao.
1229 253 1356 293 (15)91,
1382 255 1474 293 pater
1497 252 1563 282 cfris
1585 251 1613 282 ni
1634 251 1787 283 Iohannis
1809 251 1963 295 Eyselei.]

674 308 800 339 Ulrious
825 307 864 337 de
889 306 1043 346 Tuttling.

623 360 819 391 Fr.U1ricus
843 368 904 388 sao.
923 360 955 387 et
977 367 1018 387 m.
1062 356 1145 386 Item
1170 355 1350 386 Gottfridus
1375 354 1415 385 de
1439 353 1655 395 Newnburga.

624 411 698 453 [Ob.
716 409 909 441 reverendus
937 419 966 448 p.
989 410 1021 438 et
1044 406 1083 437 D.
1102 406 1140 437 D.
1159 406 1334 447 Gregorius
1364 405 1466 436 dietus
1490 405 1627 445 Naffler,
1660 405 1732 436 abb.
1750 405 1780 437 h.
1798 406 1891 437 monii
1914 417 1963 438 ao.

675 459 811 502 (15)21.]
860 460 942 491 Item
966 459 1156 489 Hertwicus.

624 513 696 556 [Ao.
715 512 832 543 Christi
855 513 932 542 1569
958 512 985 541 3.
1005 509 1137 540 calend.
1154 509 1293 550 Augusti
1311 508 1361 540 ob.
1378 507 1574 540 reverendus
1592 519 1622 549 p.
1640 509 1680 539 D.
1694 507 1856 539 Osbaldus
1872 509 1965 550 Mair,

675 564 747 595 abb.
765 563 856 594 monii
880 562 903 592 si
919 561 1087 592 Michaelis
1107 561 1271 591 Mettenae
1287 560 1531 601 Ratisponensis
1556 559 1732 601 difieeseos,
1756 560 1965 602 senectutisa)

675 619 707 646 et
731 615 866 646 canitiae
890 611 1104 653 venerabilia]
1151 611 1203 642 Fr.
1221 611 1382 642 Iohannes
1405 622 1467 642 sao.
1486 614 1518 642 et
1540 622 1581 642 m.
1627 611 1790 642 Alhardus
1815 611 1854 643 de
1871 611 1965 653 Hau,

676 668 729 708 qui
753 666 842 696 dedit
865 664 956 695 nobis
979 667 1067 694 φῖτυ.
1090 663 1215 704 Ratisp.
1261 663 1344 693 Item
1367 663 1555 693 Katherina.

623 721 683 750 Ao.
706 718 745 749 Di
768 715 913 748 MOCCO‘
936 717 1045 757 quinto
1076 716 1107 745 in
1141 715 1192 745 die
1223 714 1245 745 si
1270 715 1400 756 Agapiti
1430 714 1568 745 martiris
1592 713 1641 744 ob.
1659 713 1864 745 Burchardus
1892 725 1966 756 pro-

675 772 801 800 curator
824 768 863 799 de
881 767 1095 807 Newnburga‚
1118 767 1172 807 qui
1189 766 1278 797 dedit
1294 766 1386 797 nobis
1402 765 1546 796 redditus
1566 768 1577 795 1
1593 765 1647 796 tal.
1664 765 1697 796 in
1713 765 1965 807 Hunthauppen‚

677 821 716 852 de
742 830 803 861 quo
829 819 928 850 debet
950 818 1042 849 nobis
1066 818 1135 849 dari
1159 818 1244 848 omni
1268 827 1350 848 anno
1375 818 1406 847 in
1424 827 1481 847 suo
1498 816 1617 847 anniv³⁰
1633 817 1803 848 servicium
1820 817 1859 848 de
1875 817 1967 848 bonis

677 871 830 913 piscibus,
862 870 935 901 albo
964 880 1047 910 pane
1079 872 1111 900 et
1141 869 1225 900 bono
1256 870 1338 899 vino.
1390 867 1484 911 [Item
1515 868 1554 899 D.
1573 868 1798 910 Wolffgangus
1821 869 1966 900 Haders-

676 934 793 964 pel-ger
823 922 991 953 titularius.
1041 920 1263 951 Ferdinandus
1287 919 1472 962 Hodringer
1498 920 1607 951 noviufl.
1657 920 1779 951 Paulus
1801 920 1972 952 Waldauff

676 986 778 1006 cocus.
825 973 1072 1014 Christophorus
1088 972 1323 1013 Freylhaimeir
1346 973 1456 1013 pistor.
1496 970 1704 1002 Sebastianus
1720 971 1836 1003 Petall.
1874 972 1968 1004 Vitus

677 1025 933 1057 Schmidhaimer
949 1029 981 1056 et
997 1024 1157 1065 Georgius
1169 1023 1334 1060 Paldauffi
1358 1023 1452 1054 ambo
1470 1025 1695 1064 procuratores
1711 1023 1840 1054 fuerunt
1856 1034 1968 1065 supra-

677 1078 754 1108 dicti
778 1076 891 1118 monii]

992 1163 1287 1199 SEPTEMBER.

626 1250 664 1280 D.
692 1249 863 1280 Hainricus
898 1247 999 1288 duxb)
1030 1247 1199 1285 Bavariae,
1236 1247 1377 1277 omnium
1412 1245 1634 1286 religiosorum
1669 1245 1773 1276 fidelis
1808 1245 1968 1278 defensor.

678 1300 767 1331 Obiit
783 1303 889 1330 autem
908 1309 990 1329 anno
1008 1301 1067 1329 ete.
1085 1297 1407 1333 M0CCOJXXX1X0;
1431 1308 1484 1327 ux.
1504 1298 1572 1327 eius
1589 1296 1783 1338 Margareta,
1803 1297 1869 1328 filia
1885 1299 1970 1338 regis

675 1351 859 1390 Wohemie‚
894 1349 1099 1381 M0OCC0XL
1132 1350 1242 1390 primo.
1300 1349 1360 1379 Ob.
1379 1348 1546 1379 conradus
1578 1359 1640 1379 sac.
1668 1348 1708 1379 de
1732 1349 1970 1390 Westerndorf,

677 1403 822 1443 sepultus
844 1403 875 1432 in
899 1401 1021 1432 ambitu
1044 1406 1086 1432 n0.
1135 1400 1207 1442 [Ob.
1228 1401 1267 1431 D.
1285 1400 1505 1440 Leouharffim,
1530 1400 1603 1430 abb.
1626 1400 1786 1441 quondam
1811 1401 1870 1432 fuit
1893 1404 1971 1442 aput

677 1452 931 1493 Salvatoreml),
963 1456 994 1483 et
1019 1453 1106 1483 euius
1130 1462 1157 1483 a.
1176 1462 1199 1482 r.
1217 1453 1235 1482 i.
1254 1450 1298 1493 p.]
1345 1451 1471 1482 Orttin
1497 1451 1620 1482 dictus
1646 1451 1911 1494 Geyrsperger
1935 1456 1971 1484 et

678 1516 735 1536 ux.
755 1505 843 1535 eius.

624 1556 689 1588 Ob.
714 1556 752 1586 D.
775 1555 978 1587 Udalrious
1014 1555 1235 1586 Nustorffer
1271 1565 1346 1595 eps,
1377 1555 1618 1586 Pataviensis
1653 1565 1706 1586 ao.
1740 1557 1844 1586 1479.
1905 1555 1970 1588 Ob.

680 1608 960 1648 Ohunegundis.
1007 1606 1240 1638 NVernhardi.

629 1659 700 1702 [Ob.
719 1659 756 1690 fr.
775 1659 949 1700 Gregorius
973 1656 1283 1698 Selii-eg11n11a§³⁷111er‚
1308 1669 1349 1688 m.
1373 1660 1405 1688 et
1428 1668 1489 1688 sac.
1508 1668 1545 1688 ac
1570 1661 1689 1697 cantor,
1714 1658 1744 1689 h.
1762 1658 1855 1689 monii
1878 1659 1970 1700 profi,

678 1721 727 1741 ao.
741 1709 877 1752 (15)21.]
913 1710 1102 1740 Orttlinus
1121 1709 1164 1739 de
1182 1720 1277 1739 novo
1296 1709 1376 1739 foro
1395 1710 1487 1739 civis
1500 1709 1749 1740 Pataviensis.
1785 1709 1849 1741 Ob.
1864 1709 1970 1741 Pert-

678 1762 814 1793 holdus
838 1761 947 1792 miles
972 1761 1015 1791 de
1042 1760 1223 1791 Orthaim.
1272 1760 1554 1801 Chunegundis.

628 1813 701 1855 [Ob.
720 1814 756 1844 P.
775 1813 964 1843 Ambrosius
985 1813 1118 1853 supi-ior,
1143 1813 1248 1842 senior
1265 1815 1297 1842 et
1314 1813 1524 1853 pistrinarius,
1549 1822 1612 1843 sae.
1630 1816 1662 1842 et
1678 1822 1730 1852 m,
1753 1811 1784 1843 h.
1802 1812 1863 1843 loci
1878 1813 1971 1854 prof„

682 1864 784 1906 1540.]
832 1864 892 1895 Ob.
912 1864 1055 1895 Ortolfus
1080 1864 1175 1894 famu.

627 1916 687 1948 Ob.
705 1916 898 1947 venerabilis
914 1916 953 1947 D.
968 1915 1108 1946 Thomas
1125 1915 1198 1946 abb.
1214 1915 1244 1946 h.
1263 1915 1324 1946 loci
1342 1914 1623 1955 M0CCOO0XL¹¹¹⁰‚
1642 1917 1745 1946 ortus
1766 1915 1810 1946 de
1828 1915 1970 1947 Obern—

680 1968 874 1998 durohaim
904 1967 1125 2008 superiusc),
1158 1968 1218 2007 qui
1248 1968 1350 1997 rexit
1378 1966 1574 1997 abbaciam
1604 1969 1647 1998 26
1672 1977 1862 1998 annorum.
1910 1966 1971 1998 Ob.

678 2020 717 2050 D.
733 2019 953 2049 XVernhardus
970 2019 1054 2059 pleb.
1074 2018 1113 2049 de
1132 2018 1317 2052 Sulczbaeh,
1343 2019 1463 2049 amicus
1479 2029 1508 2048 n.
1527 2018 1685 2058 specialis,
1707 2017 1971 2049 M0OCC0LV110.

678 2071 840 2101 Iohannes
865 2070 1028 2101 Sehafnoll
1053 2070 1211 2110 portarius
1235 2080 1264 2100 n.

630 2121 703 2163 [Ob.
723 2122 758 2152 fr.
776 2121 946 2152 [mah-icus
975 2132 1037 2152 sao.
1062 2125 1093 2152 et
1120 2132 1160 2152 m.
1185 2121 1285 2152 dietus
1310 2120 1420 2161 Seydll
1449 2124 1481 2152 et
1504 2120 1752 2161 p1·0f.h.monfi‚
1784 2121 1837 2162 qui
1867 2120 1918 2152 ob.
1941 2121 1972 2152 in

681 2172 771 2203 Cella
794 2173 993 2213 Angelorum
1018 2183 1066 2203 ao.
1085 2172 1208 2213 (15)21.
1256 2172 1316 2203 Ob.
1336 2172 1371 2202 fr.
1389 2172 1550 2203 Iohannes
1573 2172 1756 2212 Aurifaber,
1783 2182 1846 2203 sae.
1865 2174 1897 2203 et
1920 2182 1974 2211 m„

679 2225 813 2254 nacione
838 2224 877 2255 de
902 2224 1047 2262 Patavia,
1072 2235 1121 2255 ao.
1139 2223 1276 2265 (14)57.]
1324 2223 1388 2254 Ob.
1406 2223 1558 2254 Ul1·i0us
1583 2223 1734 2265 figulus.

630 2275 682 2306 Fr.
704 2275 874 2305 Hainricus
906 2286 969 2306 sac.
995 2279 1027 2306 et
1056 2286 1096 2306 m.
1116 2276 1146 2306 h.
1164 2275 1236 2306 loci.
1290 2275 1353 2306 Ob.
1371 2275 1502 2306 illustris
1527 2274 1680 2305 Albertus
1704 2275 1768 2305 dux
1792 2273 1974 2316 Saxonie.²)

679 2326 871 2367 Reygkerus
896 2327 935 2357 de
959 2326 1083 2358 Rotaw.
1134 2327 1228 2357 Item
1256 2326 1430 2357 Com-adi.
1478 2326 1618 2357 Com-adi
1642 2327 1709 2357 coci
1733 2326 1762 2357 ni
1785 2326 1973 2357 fidelissimi.

681 2377 825 2408 Hainriei
850 2379 916 2408 coci
940 2379 978 2409 ni.

631 2428 824 2459 conradus
846 2429 1061 2470 Hullinger.
1107 2429 1352 2470 Margaretha
1376 2440 1432 2460 ux.

426 2558 448 2588 ³)
468 2558 534 2582 senis
553 2558 607 2582 cod.

712 2557 736 2588 b)
756 2558 839 2581 Manu
858 2559 996 2589 posteriori
1019 2568 1084 2584 saec.
1098 2559 1158 2584 XV.
1177 2560 1267 2583 addiza
1285 2564 1320 2583 est
1339 2559 1401 2583 llaec
1419 2563 1492 2582 nota:
1518 2559 1611 2582 Notum
1631 2558 1678 2582 iste
1697 2557 1749 2582 dux
1768 2557 1906 2582 Hainrieus
1926 2557 1975 2581 fuit

323 2604 396 2632 pater
414 2601 530 2625 Hainrici
555 2601 638 2631 ducis,
665 2601 806 2625 fundatoris
829 2599 854 2624 11i
878 2606 903 2625 et
926 2602 1042 2626 fundavit
1064 2603 1145 2627 altare
1164 2603 1238 2627 beate
1257 2602 1398 2627 Katherine
1420 2601 1446 2625 in
1465 2601 1559 2625 absida.
1602 2601 1633 2624 Et
1652 2600 1719 2624 dedit
1737 2600 1857 2624 maiorem
1875 2603 1974 2632 partem

323 2643 466 2668 libertatem
486 2643 545 2667 salis
564 2646 589 2667 et.
606 2643 807 2668 anniversarium
827 2652 901 2668 suum
921 2644 995 2669 debet
1013 2646 1102 2676 peragi
1122 2650 1150 2670 ut
1169 2649 1237 2676 patet
1256 2645 1281 2669 in
1301 2644 1442 2676 privilegiis
1460 2644 1487 2668 in
1505 2643 1629 2668 bursaria.
1731 2643 1754 2673 ο)
1775 2642 1818 2666 Itu
1837 2643 1864 2666 in
1883 2642 1975 2667 codice.

429 2727 448 2759 ¹)
472 2726 516 2752 Ob.
529 2735 554 2753 a.
568 2729 633 2753 1535.
741 2728 760 2759 ²)
784 2726 828 2753 Ob.
842 2736 867 2753 α.
882 2731 948 2753 1500
968 2728 1036 2760 Sept.
1052 2732 1087 2754 12.
