2054 2948
275 106 335 134 140

334 319 379 346 IV.
393 320 449 346 kal.

332 586 379 611 ΙΙΙ.
393 584 448 611 kal.

345 765 379 791 II.
393 765 448 791 kal.

390 1047 446 1073 kal.

335 1311 380 1338 IV.
394 1320 455 1337 non.

334 1448 381 1474 111.
395 1456 456 1473 non.

347 1627 381 1654 II.
395 1635 457 1653 non.

395 1867 456 1884 non.

305 2079 378 2104 VIII.
393 2079 428 2104 id.

319 2385 378 2411 VII.
394 2385 429 2411 id.

494 320 535 346 29.

494 584 535 612 30.

493 764 534 791 31.

510 1448 534 1473 ρο

512 2080 535 2105 6.

512 2387 535 2412 J]

866 101 1050 128 DIOECESIS
1069 100 1328 128 PASSAVIENSIS.

632 188 664 213 D.
672 187 806 214 lohannes
817 187 939 219 Kamrer,
952 187 983 212 D.
991 186 1159 213 Laureneius
1170 186 1284 212 Kulmer
1296 185 1520 219 presbiterorum,
1534 184 1729 212 canonicorum
1742 186 1770 212 in
1781 186 1924 214 Reichers-

633 238 709 263 perg.
748 230 778 255 D.
792 231 906 256 loannes
926 229 985 263 pbr.
999 231 1027 256 et
1047 237 1106 255 cau.
1120 229 1147 254 in
1162 228 1363 261 Herezoburga.
1400 227 1444 254 Fr.
1455 227 1591 262 Virgilius
1610 228 1701 255 senior
1719 237 1752 255 ac
1767 229 1827 263 pbr.
1841 229 1924 256 Salis-

634 272 739 306 burge]

581 316 744 346 Fridricus
776 316 931 356 archieps
955 315 1214 356 Salczpurgensis
1246 314 1377 355 ecclial)
1423 319 1609 346 Weichardus
1632 320 1666 346 de
1688 320 1837 347 Polnhaim
1860 329 1922 348 can.

631 366 864 401 Salczburgensis.
896 367 925 392 D.
939 366 1098 399 Stephanus
1112 365 1303 399 Fuchsperger
1317 365 1378 399 pbr.
1392 367 1420 391 et
1433 373 1492 391 cau.
1507 365 1540 391 de
1556 366 1749 399 Newenburga
1763 366 1923 393 Claustrali.

631 409 680 435 Ob.
695 409 727 435 D.
740 409 876 435 Iohannes
895 409 1016 435 Gmundt
1040 409 1100 442 pbr.
1118 410 1147 434 et
1166 408 1235 441 prof.
1253 407 1281 433 in
1301 408 1419 434 Mensee.
1456 408 1498 440 [D.
1514 408 1671 435 Leonardus
1690 409 1749 442 pbr.
1767 410 1796 435 et
1815 418 1875 436 can.
1893 409 1922 435 in

632 452 785 486 Neuburga
798 451 949 478 Claustrali
968 453 997 478 et
1009 451 1161 477 multitudo
1176 450 1306 477 fidelium.
1342 451 1374 476 D.
1389 451 1512 477 Andreas
1528 452 1587 484 pbr.
1601 454 1630 478 et
1642 461 1677 478 m.
1691 452 1726 478 ad
1740 452 1797 477 Sum
1810 451 1923 478 Petrum

632 494 807 528 Salezburge.
845 494 886 520 Fr.
901 495 1016 520 Ioannes
1037 503 1077 519 ev.
1091 495 1120 519 et
1134 495 1213 519 Anna
1226 492 1368 519 Sehrssttin
1382 499 1430 519 eva
1442 493 1554 520 ibidem.
1591 494 1642 520 Ob.
1655 493 1684 520 in
1697 494 1734 520 D0
1748 494 1924 521 Bernhardus

632 546 719 571 ppos..
741 537 809 570 prof.
824 536 852 562 in
872 537 958 563 monio
978 537 1101 568 Diessen,
1121 545 1162 562 ao.
1177 535 1286 569 (15)7·2.]

581 581 770 612 Chunradus
787 581 856 622 pbr.
874 581 930 611 cfr.
943 591 972 611 n.
990 591 1059 611 can.
1074 579 1304 610 SeeeovienSiS.
1340 584 1488 618 Philippus
1503 593 1584 618 ppos.
1598 585 1634 610 ad.
1649 584 1705 611 sum
1718 581 1924 619 Yppolitum.²)

632 632 768 658 Iohannes
788 631 924 665 Wfilffing
947 630 1006 664 pbr.
1025 633 1052 657 et
1077 639 1135 656 ean.
1154 631 1183 656 in
1204 630 1377 656 Ranshoven.
1415 630 1599 656 Wolfhardus
1618 630 1845 657 Hsschenkircher
1863 631 1924 664 pbr.

631 676 660 700 et
684 683 743 700 cau.
761 674 789 700 in
810 673 969 707 Chyemsee.
1007 673 1049 707 [D.
1062 673 1241 699 Leonhardus
1266 673 1327 707 pbr.
1345 675 1372 699 et
1396 682 1456 699 can.
1474 673 1508 700 de
1526 673 1559 699 So
1578 673 1716 700 Floriano.
1753 674 1785 700 D.
1798 673 1923 700 Andreas

634 717 694 750 pbr.
709 718 737 742 et
756 725 790 742 m.
804 717 838 742 de
857 716 1040 750 Allersrmeh]

581 760 722 791 Karolus
746 759 786 790 de
810 759 989 800 Ratispona
1013 769 1080 789 can.
1100 758 1370 800 SalczpurgensiS.
1409 762 1595 788 Cholomanus
1614 762 1705 789 dictus
1724 761 1846 789 Schober
1864 763 1925 796 pbr.

632 812 660 836 et
675 818 733 835 can.
744 810 1077 843 Weichenstephaneusis
1091 810 1134 835 ob.
1164 810 1279 836 Iacobus
1293 810 1352 843 pbr.
1364 811 1393 836 et
1406 818 1467 836 cau.
1480 809 1509 835 in
1525 809 1782 844 Herezogenburga.
1811 810 1842 836 D.
1854 810 1925 837 Tho-

630 861 689 878 mas
708 852 794 878 Grfibl
815 853 875 886 pbr.
894 854 922 879 et
942 861 999 878 can.
1020 852 1054 878 ad
1073 852 1130 878 Sum
1150 852 1306 886 Ypolitum.
1343 852 1479 879 Iohannes
1498 852 1531 879 de
1550 852 1671 879 ,Wienna
1689 852 1749 886 pbr.
1763 854 1792 879 et
1810 853 1880 886 prof.
1893 852 1922 878 in

632 895 768 921 Gotwico.

999 967 1201 1002 APRILIS.

580 1041 795 1082 Greymoldus
828 1052 894 1072 can.
920 1041 1180 1083 Salozpurgensis
1214 1041 1315 1081 ecclie.
1348 1040 1416 1082 pbr.
1440 1044 1472 1071 et
1504 1040 1559 1071 cfr.
1582 1051 1611 1071 n.
1658 1045 1808 1071 Hainricus
1832 1044 1924 1071 dictus

630 1092 753 1122 Dorfner,
774 1092 848 1124 pleb.
862 1092 889 1117 in
907 1092 1092 1124 Molgerstorf,
1115 1092 1140 1118 h.
1156 1093 1236 1118 monii
1256 1092 1464 1125 prebendarius,
1484 1091 1532 1124 qui
1552 1091 1660 1125 legavit
1678 1090 1759 1117 nobis
1779 1091 1793 1116 1
1814 1091 1925 1116 domum

632 1135 659 1160 in
684 1135 751 1161 villa
775 1134 922 1168 superiori,
946 1135 1076 1169 contigue
1103 1135 1186 1161 sitam
1216 1134 1245 1160 in
1270 1135 1361 1161 medio
1381 1135 1496 1160 duarum
1516 1135 1657 1160 domorum
1678 1133 1809 1160 videlieet
1827 1133 1924 1167 ipsius,

632 1178 717 1203 Rorer
741 1180 768 1204 et
788 1177 1007 1209 Wambaeserin,
1031 1180 1166 1212 perpetue
1190 1177 1268 1204 uobis
1292 1178 1411 1204 tradidit
1433 1186 1481 1204 seu
1505 1177 1662 1209 assignavit
1684 1176 1712 1202 in
1731 1177 1803 1202 hunc
1823 1185 1925 1207 casum,

630 1221 703 1254 quod
727 1221 812 1247 michi
836 1220 955 1253 singulis
979 1221 1060 1247 annis
1084 1230 1217 1255 peragere
1241 1221 1362 1247 debeant
1388 1221 1460 1246 sicut
1483 1221 1591 1247 cunetis
1614 1220 1719 1246 ibidem
1738 1219 1878 1246 canonicis
1897 1221 1925 1246 et

632 1263 827 1290 confratribus.
864 1263 963 1289 Petrus
982 1263 1042 1297 pbr.
1057 1266 1085 1290 et
1105 1272 1163 1290 can.
1178 1263 1212 1290 de
1232 1264 1263 1289 SO
1283 1263 1411 1289 Floriano
1432 1264 1575 1289 ef1-.n.ob.

578 1307 751 1338 Hainricus
771 1306 841 1347 pbr.
859 1310 891 1337 et
911 1317 979 1337 can.
998 1306 1227 1337 Seceoviensis.
1268 1312 1450 1338 Leonhardus
1466 1311 1526 1345 pbr.
1542 1312 1570 1337 et
1586 1319 1648 1337 can.
1661 1311 1695 1337 de
1712 1310 1925 1344 Reichersperg.

631 1357 745 1383 Geor-ius
768 1357 858 1383 dictus
883 1357 1076 1391 Stainsperger
1099 1358 1158 1391 pbr.
1178 1360 1206 1384 et
1231 1366 1291 1383 caii.
1309 1358 1337 1383 in
1362 1358 1593 1392 Berthersgadem
1617 1357 1660 1383 ob.
1697 1357 1729 1382 D.
1748 1356 1926 1382 Leonhardus

631 1400 691 1433 pbr.
705 1401 733 1425 et
753 1408 811 1425 ean.
826 1400 853 1426 in
868 1400 1045 1426 VValtbausn.
1083 1400 1123 1433 [D.
1139 1400 1274 1433 Georgius
1295 1400 1454 1434 Boppinger
1473 1400 1506 1426 de
1526 1399 1759 1433 Reychensperg]

580 1443 742 1474 Rudolfus
762 1443 829 1484 pbr.
849 1447 881 1474 et
897 1454 964 1475 can.
979 1443 1248 1485 Salczpurgensis.
1284 1449 1423 1475 Iohannes
1436 1448 1590 1475 Polinkkar
1606 1457 1667 1474 can.
1681 1448 1710 1474 in
1723 1447 1927 1482 Reichersperg

633 1494 681 1519 cfr.
696 1503 721 1520 u.
759 1494 868 1528 Kaspar
887 1495 1059 1521 decretorum
1078 1495 1183 1523 doctor,
1206 1503 1285 1528 ppos.
1302 1495 1384 1521 monii
1402 1495 1423 1520 si
1436 1494 1577 1527 Ypoliti.³)
1615 1494 1799 1528 Wolfgangus
1818 1493 1927 1520 Hurder

632 1538 692 1571 pbr.
707 1539 735 1563 et
749 1545 809 1563 can.
823 1537 904 1562 ecclie
916 1537 1114 1564 Seceoviensis.
1144 1538 1317 1571 [Cristannus
1331 1546 1390 1564 ean.
1405 1537 1432 1563 in
1447 1537 1570 1564 Seeovia.
1596 1537 1628 1563 D.
1641 1537 1776 1563 Iohannes
1787 1536 1927 1563 Wasmair

632 1580 692 1612 pbr.
705 1581 734 1605 et
753 1588 787 1605 m.
802 1579 829 1604 in
850 1580 1031 1613 Alderspaeh.
1069 1580 1208 1606 Aehaeius
1227 1580 1390 1606 Mairhoffer
1408 1580 1468 1613 pbr.
1484 1580 1509 1605 Si
1529 1579 1605 1606 Petri
1624 1579 1822 1614 Salisburgae.]

580 1623 801 1653 Wernhardus
832 1623 901 1664 pbr.
926 1627 958 1654 et
986 1635 1053 1654 can.
1078 1624 1118 1655 de
1147 1624 1182 1654 S⁰
1206 1623 1366 1654 Floriano.
1414 1623 1684 1665 Ohfinegundis
1714 1622 1924 1654 Omiohslin

632 1675 828 1705 fundatrix
853 1675 1058 1715 hospitalis
1081 1675 1123 1705 ni.
1166 1678 1276 1704 Ulricus
1299 1678 1391 1704 dictus
1410 1678 1522 1704 Stfidlz‘rr
1545 1678 1605 1711 pbr.
1624 1680 1653 1704 et
1676 1686 1736 1704 can.
1751 1676 1924 1703 Secoviensis

632 1734 692 1750 cuin
718 1726 733 1750 3
752 1725 928 1751 monialibus.
966 1725 1133 1751 Laurencius
1158 1734 1198 1750 cv.
1217 1724 1408 1751 Gotwicensis.
1447 1725 1487 1759 [D.
1502 1725 1712 1751 Bai-tholomeus
1735 1724 1796 1758 pbr.
1813 1726 1842 1750 et
1864 1732 1922 1750 can.

632 1769 659 1793 in
672 1767 796 1794 Secovia.
827 1768 964 1794 Obierunt
978 1768 1008 1793 D.
1024 1768 1054 1794 D.
1067 1768 1239 1801 Augustinus
1253 1777 1331 1801 ppos.
1345 1777 1377 1794 ex
1392 1768 1637 1800 Diettramszell*)‚
1658 1768 1687 1794 D.
1699 1767 1839 1800 Rupertus
1857 1766 1923 1797 dec.y

630 1811 662 1837 D.
676 1801 823 1837 ffidalricus
836 1811 981 1840 Burehart,
1002 1811 1033 1836 fr.
1047 1810 1189 1844 Georgius,
1209 1811 1240 1837 fr.
1252 1811 1357 1841 Wollff,
1376 1811 1408 1837 fr.
1420 1811 1526 1842 Petrus,
1546 1811 1587 1836 hii
1607 1819 1699 1837 omnes
1712 1810 1816 1836 ibidem
1831 1809 1923 1843 pr0f¹'.]

580 1854 800 1895 Chunigundis
823 1865 883 1885 sor.
901 1860 934 1884 11³
960 1854 1046 1885 dieta
1070 1854 1248 1895 Spri'lzlinn.
1295 1858 1489 1891 Chfinigundis
1512 1867 1555 1884 ux.
1574 1857 1685 1884 Ottonis
1708 1857 1828 1889 dictusa)
1848 1857 1924 1890 Hny-

631 1905 731 1931 bekch.
772 1905 908 1931 Martinus
934 1905 992 1938 pbr.
1012 1908 1040 1931 et
1063 1905 1153 1931 senior
1176 1905 1202 1930 in
1223 1905 1387 1939 Witiguaw.
1425 1905 1560 1931 obierunt
1580 1905 1609 1930 D.
1626 1904 1776 1931 Ieronimus
1799 1913 1877 1938 ppos.
1896 1905 1924 1930 in

631 1948 858 1981 Reihonspergffi,
878 1948 909 1973 D.
924 1948 1045 1974 Adamus
1064 1948 1239 1981 Suuczinger,
1260 1949 1290 1974 D.
1305 1948 1408 1975 leorius
1429 1948 1609 1981 Hainperger,
1630 1948 1660 1973 D.
1675 1948 1811 1974 Iohannes
1824 1947 1923 1973 Utten-

631 1991 714 2021 taler,
744 1991 773 2016 D.
789 1991 974 2025 Woll'gaugus
993 1991 1151 2021 Mfflbauer,
1180 1991 1210 2016 D.
1232 1991 1408 2017 Leonhardus
1427 1991 1650 2021 Westerkicher,
1678 1990 1720 2016 Fr.
1737 1990 1923 2024 Wolfgaugus

631 2033 773 2063 Enchofer,
787 2034 823 2059 hii
837 2043 930 2060 omnes
944 2034 1045 2060 ibidem
1061 2034 1143 2067 profi.
1173 2034 1227 2067 [Fr.
1240 2033 1422 2067 Hieronymus
1436 2034 1604 2067 Lunglmayr
1618 2034 1676 2067 pbr.
1687 2033 1715 2059 in
1730 2033 1923 2066 Undersdorff.]

581 2075 706 2106 Ulricus
731 2077 830 2107 Cesar
858 2077 1018 2118 quondam
1048 2077 1079 2107 h.
1101 2078 1192 2108 ecclie
1219 2078 1342 2118 ppos.⁶)
1389 2079 1462 2107 Tfita
1490 2081 1566 2107 dicta
1586 2080 1815 2114 Wildenhagerin
1842 2080 1923 2106 ecclia

633 2127 948 2161 Hercmgenburgensis.
986 2128 1096 2154 Ulricus
1116 2128 1175 2161 pbr.
1189 2130 1218 2155 et
1237 2137 1296 2154 cau.
1311 2129 1391 2155 ece-lie
1409 2128 1437 2154 in
1451 2128 1709 2162 Herezogenburga.
1745 2128 1827 2153 Anna
1839 2127 1924 2153 Lant-

632 2170 752 2200 manain,
773 2171 850 2203 virgo
871 2171 897 2196 in
912 2171 1002 2197 insula
1017 2171 1052 2197 nd
1064 2171 1119 2197 Sum
1133 2171 1250 2198 Mariam
1265 2171 1467 2205 Magdalenam.
1506 2171 1537 2197 D.
1551 2171 1687 2197 Iohannes
1701 2179 1778 2204 ppos.
1794 2170 1821 2196 in
1836 2170 1922 2202 Ror.⁷)

633 2212 768 2239 Obiernnt
792 2213 822 2239 D.
842 2213 963 2239 Michael
988 2214 1166 2244 Komenczer‚
1196 2214 1226 2240 D.
1246 2215 1369 2240 Andreas
1392 2214 1591 2240 Pfafl'eudorfer
1615 2213 1718 2244 senior,
1750 2213 1782 2239 D.
1799 2213 1923 2239 Andreas

632 2255 801 2287 Siechensin,
822 2257 851 2281 D.
862 2257 979 2287 Marcus,
1001 2258 1028 2283 D.
1041 2257 1226 2290 Cristopferus
1238 2257 1408 2290 Lamparter‚
1423 2257 1454 2283 D.
1466 2257 1571 2290 Caspar
1582 2256 1812 2289 Wasserkrueger
1824 2256 1885 2289 pbri
1896 2258 1924 2282 et

633 2298 701 2324 cani.
734 2298 775 2324 Fr.
787 2298 979 2333 Sigismundus
993 2300 1125 2330 subdiae.,
1146 2300 1187 2325 Fr.
1198 2300 1390 2334 Wolfgangus,
1410 2300 1442 2326 fr.
1454 2300 1584 2330 Andreas,
1602 2300 1634 2325 fr.
1646 2298 1825 2325 Sebastianus
1838 2298 1866 2324 iu
1880 2298 1924 2324 Se-

634 2341 720 2368 covia.
734 2341 837 2367 ibidem
851 2351 944 2368 omnes
958 2343 1029 2375 profi
1044 2345 1072 2369 et
1085 2343 1218 2369 defuncti.
1247 2343 1287 2376 [D.
1299 2342 1479 2369 Sebastianus
1493 2342 1631 2375 quondam
1645 2342 1703 2368 dec.
1714 2341 1741 2367 in
1754 2341 1921 2374 Chyemsee.]

580 2382 752 2415 Hainricus
782 2385 851 2425 pbr.
874 2390 907 2416 et
936 2396 1004 2416 can.
1025 2385 1056 2416 Si
1075 2386 1226 2417 Floriani.
1280 2385 1392 2417 Chuno
1417 2386 1486 2427 pbr.
1511 2390 1543 2416 et
1566 2396 1632 2416 can.
1655 2385 1686 2416 h.
1707 2384 1796 2416 eecli-³
1820 2385 1875 2415 cfr.
1893 2395 1922 2415 n.

633 2434 876 2466 wolfhardus
906 2437 982 2476 pbr.
1008 2440 1044 2467 et
1074 2447 1149 2467 cau.
1175 2437 1284 2467 eccl³⁰
1312 2437 1339 2467 si
1362 2436 1513 2477 Ypoliti
1543 2437 1606 2467 cfr.
1626 2447 1657 2466 n.
1703 2440 1821 2467 Georius
1844 2441 1924 2466 Pawr

377 2545 399 2575 ὃ)
420 2545 463 2569 lca
482 2545 567 2570 codex.

379 2621 397 2652 ¹)
418 2620 482 2645 Dies
501 2621 703 2646 «nutem-sarius
722 2622 758 2647 ad
776 2623 879 2648 nullum.
893 2623 1063 2650 widericum
1074 2628 1138 2651 certe
1152 2626 1244 2657 referri
1256 2629 1347 2658 potest.
1440 2626 1460 2658 ²)
1485 2624 1529 2650 Ob.
1543 2633 1567 2651 α.
1582 2628 1652 2655 1466,
1671 2624 1725 2650 dies
1738 2631 1794 2649 non
1807 2624 1920 2648 constat.

276 2663 295 2693 ³)
317 2661 361 2688 Ob.
376 2671 400 2688 α.
415 2666 488 2694 1456,
507 2663 562 2688 dies
580 2672 632 2689 non
654 2667 764 2690 constat.
871 2668 889 2698 ⁴)
913 2666 956 2692 Ob.
970 2676 995 2693 a.
1010 2671 1073 2699 1551,
1093 2668 1134 2694 (lie
1153 2669 1261 2694 incerto.
1367 2670 1386 2701 ⁵)
1408 2668 1454 2694 Ob.
1463 2669 1525 2700 post
1543 2675 1568 2693 α.
1583 2670 1656 2693 1548.
1763 2667 1784 2699 ⁶)
1806 2665 1923 2697 0b·l’0⁵t

233 2731 237 2733 ,
273 2714 298 2730 a.
313 2708 381 2731 1237.
488 2707 508 2737 ⁷>
530 2706 575 2731 Ob.
590 2716 613 2732 (ι.
629 2710 701 2733 1493.
