2054 2948
219 105 279 134 166

251 282 323 308 VIII.
336 281 391 307 kal.

261 621 322 647 VII.
336 621 391 647 kal.

274 892 320 918 VI.
335 892 390 918 kal.

291 1505 322 1532 V.
337 1505 393 1531 kal.

278 1736 321 1763 lV.
335 1736 391 1762 kal.

276 2007 321 2033 111.
336 2007 389 2032 kal.
435 2012 440 2019 ·

292 2235 324 2260 Il.
338 2235 394 2261 kal.

436 281 478 307 24.

436 620 477 647 25.

435 892 475 919 26.

436 1735 476 1761 28.

438 2236 477 2261 30.

807 96 989 124 DIOECESIS
1007 95 1266 123 PASSAVIENSIS.

575 183 606 208 D.
620 182 740 209 Michael
759 182 822 209 abb.
837 183 866 208 in
886 181 1070 211 Formbaeh.¹)
1108 180 1160 214 [Fr.
1174 179 1320 206 Florianus
1340 179 1398 213 pbr.
1412 181 1441 206 et
1459 189 1494 206 m.
1509 179 1538 205 in
1558 179 1736 207 Fursteuzell.
1774 181 1858 208 Reve—

574 225 673 251 rendus
692 225 721 251 P.
735 226 849 251 Ioannes
870 223 1000 258 Baptista
1019 223 1047 249 in
1067 223 1153 249 Altha
1171 222 1312 256 Superiori
1332 230 1373 248 ao.
1388 222 1519 256 D11593.]

523 276 663 307 Thomas
680 287 747 307 can.
765 276 796 307 Si
809 276 960 306 Floriani.
1000 275 1076 305 Otto
1094 274 1162 315 pbr.
1181 273 1221 304 de
1237 273 1441 304 Ranshoven.
1489 272 1713 305 Ohunradus
1736 274 1859 306 dictus

577 327 756 358 Ohamrer
778 327 854 367 pbr.
873 330 910 357 et
929 327 996 357 vio.
1014 325 1119 356 chori
1138 324 1380 355 Pataviensis
1405 323 1457 355 ob.
1477 324 1540 356 cfr.
1558 336 1598 366 n.‚
1623 336 1642 356 a
1660 336 1730 366 quo
1747 326 1858 357 habe-

574 388 652 408 mus
679 380 697 408 2
713 383 742 408 eth.
769 377 984 408 reddituum
1020 376 1064 406 de
1101 375 1246 406 decima
1280 375 1315 406 in
1347 374 1506 406 Hfitorn.
1556 376 1597 407 In
1624 378 1859 409 aniversario

572 429 692 469 ipsius
725 432 734 459 1
765 428 827 459 tal.
856 431 892 459 et
923 438 990 468 pro
1023 427 1185 457 historia
1217 431 1248 456 se
1275 426 1423 457 Marthe
1458 428 1468 456 1
1496 427 1558 458 tal.
1608 431 1740 459 Erasmus
1769 433 1860 460 dictus

574 478 700 505 Welcza‘zr
718 487 774 504 aee.
788 480 817 505 et
837 487 895 505 can.
910 477 1087 504 secoviensis.
1124 477 1260 503 Iohannes
1273 476 1416 502 Salczman
1435 476 1494 510 pbr.
1508 479 1536 503 et
1555 478 1624 511 prof.
1637 478 1671 504 ad
1688 479 1743 504 Sum
1757 478 1860 505 Floria—

573 530 638 548 num
651 522 699 547 cfr.
709 531 734 547 n.
765 521 883 547 Lazarus
896 521 956 554 pbr.
970 522 999 547 et
1011 520 1080 554 prof.
1092 519 1120 545 in
1133 519 1287 553 Fornpach.
1320 519 1369 545 Ob.
1382 519 1464 545 venlis
1477 519 1507 546 Ρ.
1519 520 1549 546 D.
1561 519 1736 547 Hieronimus
1749 522 1861 549 Stetner

573 564 601 590 in
620 564 803 598 Richersperg
822 565 924 597 ppos.²)
962 563 1022 596 [Ob.
1037 564 1067 589 fr.
1083 563 1197 589 Ioannes
1217 562 1302 588 Fficzs
1321 571 1356 588 m.
1371 562 1399 588 iu
1418 562 1612 598 Alberspaeh.]

522 616 665 647 Albanus
694 615 836 646 subdiac.
859 626 926 646 can.
949 614 1217 655 Salczpurgensis
1269 619 1389 645 Karolus
1417 627 1498 653 ppos.
1519 619 1548 646 h.
1569 615 1648 646 eeclss
1673 620 1718 647 ob.
1740 629 1784 647 ao.
1807 623 1860 648 etc.

572 665 871 699 (Moccccomxnsso.
903 666 934 692 D.
947 665 1082 699 Georgius
1095 664 1343 698 Scheichenpflueg
1356 664 1429 698 pleb.
1443 665 1471 691 iu
1486 665 1683 693 Harehirehen.
1715 667 1756 701 [D.
1769 668 1861 701 Augu-

571 708 660 735 stinus
678 708 769 735 senior
787 710 816 735 et
835 717 895 735 ean.
909 708 938 734 in
952 707 1124 741 Novacella.]
1162 707 1325 733 Walthasar
1343 707 1376 733 de
1392 707 1462 742 Perg
1480 708 1540 742 pbr.
1554 710 1583 735 et
1602 717 1660 736 ean.
1676 709 1703 735 in
1718 710 1861 737 Balthusa.

572 752 744 786 [Oristoferus
765 760 822 778 acc.
840 751 868 777 in
889 752 950 777 Ror.
992 751 1022 777 D.
1037 751 1222 785 Wolfgangus
1247 751 1310 777 abb.
1328 750 1436 783 Ossiess)
1446 752 1466 783 ³)
1490 753 1519 778 et
1537 752 1568 778 D.
1582 752 1717 786 Georgius
1739 753 1815 786 prior
1833 755 1862 780 et

570 796 601 820 D.
613 794 747 828 Georgius
760 794 891 826 Castner„
910 794 1111 825 Christofferus,
1126 793 1298 824 Valentinus,
1312 802 1406 820 omnes
1420 793 1481 827 pbri
1494 794 1605 821 ibidem.
1636 795 1686 822 Ob.
1698 795 1730 822 fr.
1740 796 1861 823 Michael

574 837 715 863 Tallhofer
734 846 769 862 m.
781 837 809 862 in
828 837 973 863 Fornbach
992 845 1033 863 ao.
1047 836 1155 869 (15)86.]

522 888 709 919 Chunradus
732 899 800 920 can.
824 888 1084 930 Salczpurgensis
1114 889 1169 919 cfr.
1192 899 1220 919 n.
1267 888 1452 919 Martinus
1485 888 1529 919 de
1556 888 1729 929 Wienna,
1758 901 1861 931 ppos.

572 940 681 971 ecclie
697 939 1168 981 Herczogenburgensis.⁴)
1207 939 1279 970 Hic
1304 940 1429 980 agitur
1452 940 1614 970 anniv⁵¹²⁸
1630 940 1736 972 Petri
1752 941 1862 973 Prew

571 991 662 1022 civis
686 991 948 1022 Vilshovensis
979 994 1016 1022 et
1043 991 1253 1022 Katherine
1286 990 1364 1021 11)(ἱεῖ
1392 992 1473 1022 eius
1503 994 1541 1022 et
1568 992 1728 1023 omnium
1759 995 1861 1024 ante-

571 1052 760 1073 cessorum
785 1053 948 1081 suorum,
973 1043 1035 1083 qui
1059 1042 1246 1073 dederunt
1269 1042 1376 1073 nobis
1393 1044 1454 1072 Mb.
1470 1046 1491 1078 ᾧ.
1513 1042 1732 1074 reddituum
1750 1054 1862 1085 super

571 1093 669 1123 huba
692 1094 727 1123 in
743 1093 1008 1130 Ainhenstorf.
1033 1093 1128 1124 alios
1149 1093 1321 1125 redditus
1341 1094 1555 1125 exemimus.
1596 1094 1861 1135 Obligavimus

572 1144 715 1175 eoeiam
742 1154 807 1174 nos
835 1144 980 1175 litteris
1010 1148 1046 1175 et
1073 1145 1213 1185 sigillis
1243 1145 1383 1176 nostris
1410 1145 1455 1176 ad
1482 1155 1589 1176 unam
1618 1146 1768 1177 missam
1794 1157 1860 1187 pro

572 1195 755 1226 fidelibus
778 1195 813 1225 in
837 1206 931 1226 nova
955 1196 1106 1237 capella
1129 1207 1241 1237 super
1264 1196 1385 1227 altare
1404 1201 1435 1226 se
1451 1196 1696 1237 Margarethe
1712 1197 1748 1227 in
1765 1198 1861 1229 feria

574 1249 682 1277 sexta
705 1247 797 1287 ipsis
820 1250 1004 1287 perpetue
1028 1246 1308 1278 celebrandam.
1347 1246 1489 1278 Eodem
1514 1247 1574 1278 die
1592 1247 1776 1279 videlicet
1799 1259 1859 1280 an-

572 1297 656 1327 nivii
674 1297 783 1328 datur
804 1297 986 1328 fratribus
1010 1298 1055 1328 ad
1071 1298 1324 1329 refectionem
1341 1309 1359 1329 a
1375 1298 1572 1339 preposito
1589 1297 1859 1340 Salzpurgensi

572 1348 733 1379 refectio
761 1348 797 1378 in
825 1348 909 1379 cibo
938 1352 975 1379 et
1002 1352 1092 1390 potu
1116 1349 1159 1380 de
1183 1359 1289 1380 mane
1314 1352 1350 1380 et
1374 1349 1419 1380 de
1443 1359 1526 1380 sero
1550 1353 1677 1391 preter
1699 1351 1859 1391 preben-

573 1399 655 1430 dam
681 1399 830 1430 solitam
856 1404 1042 1441 perpetue
1067 1400 1351 1431 observandum.
1399 1403 1442 1437 [D.
1460 1405 1630 1439 Pangracius
1647 1405 1727 1440 Cei-pl
1752 1407 1812 1440 pbr.
1830 1407 1859 1434 in

574 1450 796 1483 Newukirehen.]

473 1526 478 1530 .
522 1501 727 1532 Bernhardus
751 1502 818 1542 pbr.
842 1506 874 1533 et
897 1513 964 1533 ean.
986 1502 1075 1533 ecclie
1099 1502 1327 1533 Seccoviensis.
1374 1507 1550 1534 Sweikkerus
1574 1509 1665 1535 dictus
1690 1509 1776 1535 Roriir
1799 1511 1859 1545 pbr.

572 1554 600 1578 et
616 1560 674 1578 can.
689 1552 716 1577 iu
732 1552 932 1586 Reiohersperg
945 1553 992 1579 cfr.
1007 1562 1031 1578 n.
1068 1553 1247 1579 Meinhardus
1262 1553 1320 1587 pbr.
1335 1555 1364 1580 et
1377 1562 1437 1580 ean.
1452 1554 1479 1579 in
1495 1554 1723 1589 Berthersgaden.
1762 1557 1855 1583 Iohan-

573 1604 632 1625 nes,
653 1595 831 1625 Wilhelmus,
857 1595 981 1621 Albanus
1006 1596 1065 1629 pbri
1085 1598 1112 1622 et
1135 1597 1194 1622 cani
1219 1596 1329 1622 ibidem.
1373 1596 1517 1623 Elizabeth
1536 1597 1623 1623 Echin
1646 1600 1674 1624 et
1693 1599 1772 1625 Anna
1790 1605 1859 1626 sores

574 1637 684 1664 ibidem.
722 1637 880 1668 Hainrieus,
908 1638 1045 1664 Erhardus
1065 1640 1113 1664 fr²³
1133 1639 1256 1672 laycales
1278 1639 1388 1665 ibidem
1426 1639 1571 1673 [Iohannes
1592 1640 1731 1674 Rughalm
1751 1642 1814 1669 abb.
1833 1643 1861 1668 in

574 1680 716 1713 Aspach.⁵)
752 1680 796 1707 Fr.
810 1681 1022 1707 Bartholomeus
1042 1681 1137 1707 Maron
1158 1682 1216 1715 pbr.
1230 1684 1257 1708 et
1277 1682 1353 1707 111.111
1374 1682 1546 1715 Fonnbach]

522 1732 723 1773 Philippus
740 1732 827 1773 pbr,
846 1733 907 1763 cfr.
925 1744 954 1763 n.
969 1736 1005 1764 et
1022 1744 1097 1765 ean.
1112 1734 1141 1764 h.
1156 1734 1275 1765 eccliss.
1310 1734 1499 1765 Rudolfus
1515 1745 1587 1766 aec.
1606 1735 1649 1767 de
1668 1735 1859 1768 Seecovia.

574 1782 727 1808 Friderieus
750 1782 841 1808 dictus
860 1783 1052 1817 Wolfsperger
1079 1784 1138 1817 pbr.
1162 1786 1190 1811 et
1214 1793 1273 1810 can.
1293 1785 1473 1812 Secovieusis.
1515 1785 1662 1812 Hainrieus
1687 1787 1862 1814 Rettentaler

572 1824 631 1857 pbr.
646 1826 674 1850 et
693 1833 752 1851 can.
767 1825 796 1850 111
815 1825 994 1859 Newuburga
1012 1826 1171 1852 Clauso-ali.
1209 1827 1249 1860 [D.
1263 1827 1351 1853 Lueas
1365 1828 1552 1861 Tugentleich
1572 1829 1632 1862 pbr.
1646 1831 1675 1856 et
1694 1838 1754 1856 ean.
1768 1829 1861 1856 Secco-

572 1866 681 1893 viensis.
707 1867 834 1893 Erasmus
847 1868 906 1901 pbr.
919 1870 946 1894 et
961 1877 1019 1894 can.
1032 1869 1143 1896 ibidem.
1168 1870 1198 1896 D.
1210 1870 1345 1896 Iohannes
1360 1871 1418 1904 pbr.
1429 1872 1458 1897 et
1471 1880 1530 1897 can.
1540 1871 1566 1897 Si
1576 1871 1707 1903 Floriani,
1721 1872 1752 1898 D.
1765 1872 1860 1899 Steffa-

571 1919 620 1935 nus
639 1910 697 1943 pbr.
713 1912 740 1936 et
758 1912 827 1944 prof.
841 1911 870 1936 iu
888 1911 1061 1938 Walthasen.
1093 1914 1140 1938 Ao.
1155 1914 1243 1945 (15)67
1263 1913 1305 1939 ob.
1321 1913 1440 1940 Michael
1461 1913 1657 1947 Reingrueber,
1677 1917 1772 1948 pastor
1793 1915 1861 1949 vigi-

573 1952 744 1978 lantissimus
763 1953 791 1978 in
811 1953 912 1980 Ait-ach
934 1954 1078 1987 Inferiori.]

521 2004 682 2044 Nyeolaus
706 2005 773 2045 pbr.
794 2010 826 2036 et
849 2016 916 2036 ean.
935 2006 1163 2037 Seccoviensis.
1209 2012 1320 2038 Marcus
1343 2007 1436 2038 novius
1459 2013 1494 2039 ad
1518 2013 1573 2039 S¹¹¹¹¹
1597 2014 1769 2040 Florianum.
1816 2015 1859 2041 Fr.

572 2055 699 2081 Erasmus
723 2056 781 2088 pbr.
800 2058 828 2082 et
851 2065 908 2082 can.
928 2057 955 2082 in
976 2057 1137 2084 Novacella.
1179 2058 1210 2084 D.
1224 2058 1396 2092 Augustinus
1416 2058 1500 2085 Lorc‘zr
1523 2059 1583 2092 pbr.
1602 2061 1630 2085 et
1649 2068 1707 2086 ean.
1727 2060 1753 2086 h.
1772 2061 1860 2087 ecclia.

573 2097 687 2123 Carulus
706 2107 762 2124 acc.
777 2101 805 2124 et
825 2107 884 2124 can.
899 2099 1103 2126 Ranshofensis.
1140 2101 1180 2133 [D.
1196 2101 1331 2127 lohannes
1351 2101 1515 2135 Fridberger
1534 2102 1594 2136 pbr.
1610 2103 1638 2128 et
1657 2112 1691 2129 m.
1706 2103 1755 2135 (111)
1776 2104 1861 2130 Altha

574 2140 706 2166 Inferiori.
750 2141 778 2166 D.
793 2141 912 2167 Thomas
932 2142 1142 2177 Schelmperger
1165 2144 1225 2176 pbr.
1244 2146 1272 2170 et
1295 2152 1354 2170 can.
1374 2144 1400 2170 h.
1419 2145 1507 2171 ecclie.
1548 2145 1579 2171 D.
1598 2145 1658 2178 pbr.
1673 2146 1772 2178 Symou
1797 2146 1860 2172 abb.

574 2182 609 2207 ad
627 2182 683 2207 Sum
704 2183 815 2209 Petrum
835 2184 1043 2218 Saltzbu1·ge.⁶)]

524 2232 649 2264 Uli-icus
676 2234 745 2274 pbr.
768 2238 800 2265 et
827 2246 894 2266 ean.
920 2237 959 2267 de
988 2237 1151 2269 seccovia.
1201 2243 1322 2269 Michael
1345 2243 1379 2269 de
1403 2242 1585 2277 Holenburga.
1608 2243 1669 2277 pbr.
1692 2246 1721 2270 et
1744 2253 1805 2270 ean.
1827 2245 1860 2271 de

572 2283 604 2309 S0
624 2284 744 2317 Ypolito.
782 2286 928 2312 Hainricus
952 2287 1042 2313 dietus
1061 2288 1185 2314 Grfiwter
1207 2289 1267 2322 pbr.
1287 2290 1315 2315 et
1335 2297 1393 2315 cau.
1411 2288 1439 2314 in
1460 2289 1714 2323 Berchtersgadem.
1751 2289 1860 2323 Symou,

574 2326 711 2358 quondam
735 2335 812 2360 ppos.
831 2328 910 2354 ecelie
934 2329 1015 2355 beate
1034 2330 1120 2355 Marie
1142 2330 1256 2364 virginis
1276 2330 1304 2356 in
1325 2331 1483 2364 Newburga
1503 2330 1659 2363 Claustrali,
1684 2332 1726 2358 ob.
1748 2341 1788 2358 ao.
1808 2336 1860 2359 etc.

574 2368 815 2401 [Moccccomno.
853 2371 975 2397 Andreas
999 2372 1058 2405 pbr.
1077 2375 1105 2398 et
1129 2381 1187 2400 ean.
1207 2373 1235 2399 iu
1255 2374 1286 2399 ΞΟ
1305 2373 1429 2407 Ypolito.
1470 2374 1513 2407 [D.
1527 2374 1625 2401 Petrus
1643 2374 1784 2401 Gelestorf
1800 2376 1859 2409 pbr.

573 2413 600 2436 et
623 2420 683 2437 can.
703 2412 737 2437 ad
757 2412 812 2437 Sum
833 2413 986 2446 Ypolitum.
1031 2415 1059 2440 D.
1075 2415 1106 2441 fr.
1121 2415 1288 2442 Benedictus
1308 2416 1449 2450 Straspuel
1474 2417 1516 2443 ob.
1536 2417 1563 2442 in
1588 2417 1674 2443 111011ῑο
1694 2418 1795 2444 Altaeh
1817 2419 1858 2444 In-

574 2453 685 2487 ἴθι-1011]

319 2570 341 2600 a)
363 2570 384 2594 I.
399 2578 418 2595 e.
433 2572 546 2596 Ossiaeh.

322 2645 341 2676 ¹)
369 2644 415 2671 Ob.
434 2654 458 2672 ιι.
476 2650 549 2672 HM.
655 2649 674 2679 ²)
700 2648 743 2674 Ob.
764 2658 788 2675 [ι.
807 2653 876 2675 1495.
983 2652 1002 2683 3)
1031 2650 1073 2676 Ob.
1093 2655 1205 2677 tz.1.323.
1313 2655 1332 2684 ⁴)
1359 2653 1401 2678 Ob.
1421 2662 1443 2679 ιι,
1460 2656 1529 2679 1399.
1634 2656 1655 2687 ⁵)
1679 2654 1724 2681 Ob.
1746 2663 1770 2680 (ι.
1787 2658 1856 2680 1501.

219 2687 239 2719 ιι)
259 2686 324 2712 Dies
344 2688 545 2714 mznirersurizcs
564 2690 600 2714 ml
617 2690 720 2715 nullum
740 2694 805 2717 certe
824 2692 919 2723 referri
934 2695 1026 2725 potest.
