2054 2948
238 100 278 130 86

302 354 418 380 1X.kal.

273 483 346 509 VIII.
361 482 416 508 kal.

287 696 347 722 VH.
360 697 416 722 kal.

299 867 344 893 VI.
359 867 414 892 kal.

313 994 345 1020 V.
360 994 415 1020 kal.

300 1209 347 1235 IV.
360 1209 416 1235 kal.

299 1466 347 1492 III.
361 1465 416 1492 kal.

313 1596 348 1621 II.
363 1595 417 1620 kal.

363 1915 418 1941 kal.

305 2132 351 2157 IV.
367 2141 430 2158 non.

305 2307 352 2333 III.
367 2316 428 2333 non.

462 483 502 508 25.

462 696 502 722 26.

460 866 500 892 27.

461 993 501 1019 28.

462 1210 502 1235 ⁴29.

462 1466 502 1492 30.

463 1594 502 1620 31,

485 2134 508 2159 2.

481 2308 504 2333 3.

832 96 1014 123 DIOECESIS
1033 96 1295 123 PASSAVIENSIS.

597 183 718 217 Algeyer
737 182 827 209 senior
845 182 873 208 in
892 183 968 209 Rott.
1005 182 1116 208 Maurus
1135 181 1322 212 Edendorffer,
1352 181 1500 207 Mauritius
1520 181 1691 213 Dendorffer,
1722 181 1888 208 Laurentius

600 225 680 252 Kuab
702 225 763 259 pbri
782 227 810 251 et
832 225 867 251 mi
885 224 913 251 in
931 225 1094 251 Formbach.
1136 224 1164 250 P.
1179 223 1292 250 Gabriel
1314 223 1401 250 Distel
1420 223 1450 249 in
1468 224 1538 250 Attl.
1575 223 1702 258 Benigna
1720 224 1888 251 Schwertlin

598 268 706 294 smonlis
724 267 751 293 in
769 267 909 301 Nuuberg.
946 267 978 294 D.
992 267 1146 294 Bel-nardus
1161 266 1225 293 Clas
1244 275 1321 300 ppos.
1336 266 1364 292 in
1378 266 1533 299 Weyarn.¹)
1570 266 1600 292 P.
1614 266 1771 293 Bernardus
1785 266 1889 299 Kyrein

599 311 627 336 in
646 310 885 344 Benedietbeyrn.]

550 353 665 379 Ioannes
687 353 816 386 supprior
838 353 867 378 in
886 352 1091 379 Reichenbach.
1128 352 1312 383 Burchardus,
1333 351 1485 378 Ottakerus
1504 350 1551 377 mi.
1586 351 1628 385 [D.
1643 352 1741 378 Petrus
1764 360 1843 385 ppos.
1862 351 1890 377 in

599 396 786 428 Novaeella.2)
828 395 981 421 Hermanus
1000 395 1123 421 Zirnhelt
1147 395 1207 428 pbr.
1226 396 1254 420 et
1277 403 1312 420 m.
1331 394 1598 421 Nideraltaehensis.
1640 395 1758 421 Ioannes
1778 395 1891 421 Reseler

599 438 660 472 pbr.
673 440 702 465 et
721 447 781 464 can.
796 438 830 464 ad
850 438 907 463 Sum
927 438 1095 471 Nicolaum]

548 481 714 508 Nentwinus
732 481 793 515 pbr.
811 483 839 507 et
857 490 891 507 m.
929 481 1023 507 Simon
1042 481 1165 507 subdiac.
1203 480 1361 506 Guntherus
1380 490 1404 506 n.
1419 489 1441 507 c.
1456 489 1497 507 cv.
1535 481 1658 507 Andreas
1678 480 1853 515 Woppinger
1872 480 1890 506 l.

600 525 638 557 [Ρ.
655 524 814 558 Simplicius
840 524 868 549 in
893 524 991 550 Betim.
1038 524 1153 550 Ioannes
1182 533 1222 550 ov.
1243 523 1272 549 in
1297 524 1414 550 Metten.
1457 523 1488 550 P.
1505 524 1689 556 Hieronymus
1718 523 1746 550 in
1770 523 1890 550 Monsee.

600 567 628 593 P.
648 567 783 593 Martinus
806 567 932 600 Koppolt
955 567 983 592 in
1008 567 1083 593 Rott.
1130 567 1160 592 D.
1178 566 1342 593 Lambertus
1366 567 1481 593 Fischer
1504 567 1531 592 ni
1555 567 1636 593 monii
1660 567 1750 599 abb.²³)
1759 568 1779 599 ³)
1822 566 1891 593 Sara

600 609 753 637 Catharina
771 610 805 636 de
825 610 1007 643 Hauzenberg
1025 610 1133 636 smonlis
1153 610 1179 635 in
1200 609 1387 644 Nidernburg.
1425 610 1454 636 P.
1469 609 1686 644 christophorus
1706 610 1800 636 Benno
1811 609 1890 635 Wid-

601 661 685 679 mann
705 652 732 678 in
752 652 974 686 Nidernaltach.]

548 695 703 722 Fridericus
728 695 816 727 abbfl)
853 695 990 728 Casparus
1015 695 1073 729 pbr.
1093 697 1121 722 et
1145 705 1179 721 in.
1198 696 1225 721 in
1247 696 1428 730 Alderspach.
1465 696 1649 729 Hieronymus
1668 695 1892 729 Rosenpuschler

598 747 623 764 n.
643 746 664 764 c.
684 738 766 771 prior.
810 737 848 771 [P.
868 738 983 764 loannes
1006 738 1034 763 in
1059 737 1267 765 Reichenbach.
1309 739 1425 765 Ioannes
1445 738 1597 765 Henericus
1619 740 1644 764 ni
1664 739 1747 764 monii
1772 738 1892 771 abb.b)⁴>

601 780 755 806 Hieremias
775 780 906 806 Boeheim
926 780 985 813 pbr.
999 783 1028 807 et
1047 789 1106 806 can.
1121 781 1156 806 ad
1173 781 1230 807 Sum
1244 781 1402 808 Nicolaum.
1439 781 1481 808 Fr.
1496 782 1612 808 Ioannes
1631 782 1741 808 Forster
1759 781 1789 807 in
1807 781 1890 807 Melk.

601 823 817 856 Christophorus
838 822 969 849 Gmainer
986 823 1085 854 senior,
1106 823 1244 850 Candidus
1264 825 1353 850 Kraut
1372 824 1433 858 pbri
1452 828 1480 851 et
1499 825 1534 850 mi
1554 824 1582 850 in
1602 824 1836 857 Nidernaltaich]

547 865 693 891 Udalricus
712 865 771 899 pbr.
786 867 815 891 et
833 874 892 892 can.
906 866 941 891 ad
961 865 1016 891 Sum
1038 866 1180 892 Zenonem.
1219 867 1257 899 [P.
1272 867 1369 893 Gallus
1389 867 1417 893 in
1437 867 1600 894 Formbach.
1639 867 1778 893 Romanus
1796 867 1891 901 Trypp

600 917 640 934 cv.
655 908 682 933 in
702 908 925 934 Nidernaltaich.
963 908 1149 943 Wolfgangus
1168 909 1231 935 abb.
1246 909 1275 935 in
1290 910 1413 941 Beiirn.⁵)
1450 911 1530 936 Anna
1543 910 1633 937 Maria
1651 910 1722 936 abba
1741 910 1769 936 in
1784 909 1891 937 chiem-

599 952 676 978 seef‘)
713 951 744 976 D.
759 951 902 985 Remigius
923 951 1098 977 Baumhauer
1117 951 1144 977 in
1164 952 1340 986 Alteuburg.]

550 993 712 1022 Leonardus.
727 993 914 1028 Wolfgangus
933 994 993 1027 pbri
1014 996 1042 1020 et
1061 995 1096 1019 mi
1114 994 1140 1020 in
1154 994 1273 1021 Gleiink.
1310 995 1349 1027 [Ρ.
1364 995 1539 1022 Christianus
1559 995 1587 1021 in
1602 995 1766 1022 For-mbach.
1804 995 1891 1021 Hene-

598 1036 671 1061 ricus
690 1037 749 1069 pbr.
764 1039 792 1062 et
805 1046 839 1062 m.
878 1036 1044 1063 Benedictus
1064 1036 1139 1070 prior
1155 1038 1190 1063 ad
1208 1038 1265 1063 Sum
1279 1038 1384 1064 vitum.
1421 1038 1525 1065 Paulus
1542 1038 1772 1069 Habensehaden.
1793 1038 1891 1064 Petrus

599 1079 712 1105 Schwar
738 1079 798 1112 pbri
823 1081 852 1106 et
875 1080 934 1106 cani
954 1080 982 1105 in
1002 1079 1102 1106 Suben.
1144 1080 1185 1106 Fr.
1200 1080 1302 1106 Paulus
1322 1081 1410 1108 Zeller
1433 1081 1460 1107 in
1481 1081 1688 1107 Obernaltaich.
1732 1081 1760 1107 P.
1775 1081 1892 1107 Ioannes

600 1121 741 1147 Werlinus
760 1121 789 1147 in
803 1122 881 1148 Seon.
918 1122 1098 1149 Sebastianus
1112 1123 1329 1157 Wagenreutter
1348 1125 1408 1158 pbr.
1423 1126 1451 1151 et
1470 1133 1530 1151 can.
1544 1125 1573 1150 in
1586 1125 1756 1158 Baumburg.
1794 1124 1823 1151 P.
1837 1125 1891 1149 An-

599 1165 691 1191 tonius
711 1165 790 1198 Mayr
809 1165 838 1191 in
857 1165 983 1191 Garsteu.
1021 1166 1049 1192 P.
1065 1166 1239 1192 Caelestinus
1260 1167 1387 1201 Bigarius
1408 1168 1436 1193 in
1455 1167 1596 1202 Prifling.]

547 1208 732 1242 Engelbertus
756 1217 813 1242 eps.
832 1209 1077 1243 Bambergensis.⁷)
1119 1209 1287 1238 Fridericus,
1315 1211 1451 1237 Arnoldus
1475 1211 1535 1244 pbri
1558 1213 1587 1237 et
1609 1211 1652 1236 mi.
1696 1211 1736 1244 [P.
1754 1209 1892 1236 Martinus

599 1251 697 1277 Halser
719 1251 748 1277 in
772 1252 994 1278 Nidernaltaich.
1042 1253 1070 1279 P.
1086 1253 1249 1280 Laurentius
1271 1253 1488 1287 Schwarzmayr,
1513 1253 1735 1280 Cremifanensis.
1776 1253 1892 1279 Ioannes

600 1295 710 1321 Gartler
729 1295 803 1328 prior
821 1294 851 1320 in
869 1295 1030 1321 Formbach.
1070 1296 1111 1321 Fr.
1127 1295 1262 1322 Melchior
1280 1296 1503 1331 Freidensprung
1522 1297 1550 1322 in
1565 1297 1663 1323 Suben.
1700 1296 1730 1322 Ρ.
1745 1295 1892 1322 Udalricus

598 1337 772 1371 Daxsperger
795 1337 823 1363 in
848 1338 927 1364 Seon.
967 1338 992 1363 P.
1008 1338 1122 1365 loannes
1142 1339 1222 1371 Mayr
1244 1339 1270 1364 in
1295 1339 1503 1366 Obernaltaich.
1540 1340 1629 1366 Maria
1649 1339 1798 1365 Francisca
1821 1339 1893 1365 abba

599 1381 626 1406 in
648 1380 787 1406 Kfiebach.
832 1380 989 1406 Leonardus
1009 1381 1152 1415 Meninger
1175 1382 1235 1415 pbr.
1253 1384 1282 1408 et
1305 1391 1365 1408 can.
1384 1383 1419 1408 ad
1439 1382 1496 1408 Sum
1515 1382 1709 1416 Hippolytum.
1754 1382 1783 1407 D.
1798 1381 1891 1408 Simon

600 1423 663 1449 abb.
678 1422 706 1448 in
726 1423 883 1456 Monsee.⁸)]

548 1465 722 1492 Eberhardus
745 1475 769 1492 n.
789 1475 810 1492 c.
829 1475 869 1492 CV.
918 1467 956 1500 [Ρ.
975 1466 1128 1493 Hermanus
1157 1468 1185 1493 in
1206 1468 1368 1495 Formbach.
1417 1469 1537 1495 Thomas
1563 1470 1635 1495 Auer
1658 1469 1717 1503 pbr.
1736 1471 1763 1495 et
1787 1477 1846 1496 can.
1864 1469 1891 1495 in

602 1508 751 1535 Chiemsee.
797 1509 912 1536 Ioannes
940 1510 973 1536 de
1001 1509 1182 1544 Sigenhaimb
1211 1511 1227 1537 l.
1275 1511 1318 1537 Fr.
1342 1512 1482 1546 Longinus
1510 1512 1583 1539 Zettl
1611 1512 1639 1538 in
1668 1511 1891 1539 Nidernaltaich.

602 1552 630 1577 P.
646 1552 799 1578 Bernardus
820 1552 982 1578 Ruedorffer
1000 1552 1028 1579 in
1047 1553 1136 1587 Secu]

550 1594 678 1625 Michael,
699 1594 787 1628 Hugo,
808 1594 969 1628 Ortolphus,
989 1595 1084 1622 Rezilo
1103 1598 1146 1623 mi.
1185 1597 1227 1624 Fr.
1242 1597 1380 1624 Martinus
1399 1597 1427 1624 in
1440 1598 1510 1624 Attl.
1548 1598 1664 1624 Ioannes
1678 1597 1808 1631 Spindler
1827 1597 1890 1624 abb.

601 1637 845 1670 cremifanensis&
883 1638 1021 1672 Casparus
1035 1639 1203 1674 Schwagerl,
1225 1640 1361 1667 Matthias
1376 1641 1479 1675 Aigner
1498 1641 1559 1674 pbri
1572 1643 1601 1667 et
1619 1641 1678 1667 cani
1693 1640 1728 1667 ad
1741 1640 1796 1666 Sum
1812 1640 1892 1666 Nico-

600 1680 682 1706 laum.
721 1680 772 1713 [Fr.
791 1680 922 1707 Placidus
942 1681 1094 1709 Hanrieder
1113 1682 1140 1708 in
1160 1683 1370 1710 Obernaltaich.
1408 1684 1510 1710 Paulus
1530 1683 1751 1710 Schmiedhuber
1771 1683 1846 1717 prior
1864 1683 1892 1708 in

601 1723 719 1749 Monsee.
757 1723 947 1750 Ferdinandus
962 1724 1047 1751 Veser
1067 1726 1125 1758 pbr.
1140 1728 1168 1751 et
1188 1735 1247 1753 can.
1262 1727 1295 1752 ad
1317 1726 1373 1752 S1¹¹¹¹
1395 1727 1600 1760 Hippolytum]

982 1840 1153 1876 IUNIUS.

552 1915 706 1942 Fridericus
726 1926 750 1942 n.
765 1926 786 1943 c.
803 1917 863 1950 pbr.
882 1919 910 1943 et
930 1927 963 1943 m.
1003 1918 1044 1944 Fr.
1059 1918 1195 1944 Martinus
1215 1919 1242 1944 in
1264 1919 1378 1945 Metten.
1415 1919 1559 1946 Oswaldus
1578 1919 1638 1953 pbr.
1657 1921 1685 1946 et
1705 1928 1763 1945 can.
1782 1919 1817 1945 ad
1836 1918 1892 1944 Sum

601 1959 756 1985 Nicolaum.
798 1960 913 1986 Ioannes
934 1960 996 1987 abb.
1017 1961 1045 1986 in
1067 1961 1170 1987 Andcx.
1214 1963 1293 1988 Anna
1313 1961 1519 1989 Goldhueberin
1539 1972 1565 1988 n.
1579 1971 1602 1989 c.
1616 1967 1670 1989 ενδ.
1709 1962 1738 1988 Ρ.
1752 1961 1893 1988 Modestus

602 2002 630 2027 in
654 2002 771 2029 Mousee.
816 2003 854 2036 [P.
875 2003 1091 2037 Christophorus
1114 2004 1286 2038 Englbrecht
1313 2005 1348 2030 ad
1373 2005 1430 2030 Sum
1453 2005 1636 2032 Emer-amum.
1677 2005 1797 2031 Michael
1822 2005 1893 2035 Stos,

603 2045 750 2079 Philippus
764 2046 891 2072 Bunaeus
911 2046 970 2079 pbri
991 2049 1018 2072 et
1038 2047 1097 2073 cani
1118 2047 1143 2072 in
1159 2047 1338 2074 Osterhoven.
1376 2048 1535 2081 Stephanus
1553 2049 1613 2082 pbr.
1627 2050 1655 2075 et
1674 2057 1708 2074 m.
1722 2048 1750 2074 in
1764 2047 1893 2074 Weihen-

601 2088 728 2121 stephan.
768 2088 794 2114 P.
810 2088 907 2114 Gallus
925 2088 1105 2115 Schramman
1125 2090 1184 2123 pbr.
1199 2091 1228 2116 et
1246 2099 1280 2116 m.
1295 2090 1323 2116 iu
1342 2090 1431 2124 Seon.]

554 2134 684 2160 Placidus
703 2135 762 2168 pbr.
777 2137 805 2161 et
824 2144 858 2161 m.
872 2135 901 2161 in
921 2136 1084 2162 For-mbach.
1123 2137 1197 2168 Otto,
1218 2137 1359 2164 Conradus
1378 2137 1438 2171 pbri
1458 2139 1486 2164 et
1505 2138 1549 2163 mi.
1586 2137 1773 2171 Wolfgangus
1787 2136 1892 2162 Harder

601 2186 626 2202 n.
639 2186 660 2203 c.
676 2177 735 2211 pbr.
774 2178 887 2204 lacobus
907 2187 948 2205 ον.
985 2179 1024 2212 [Ρ.
1039 2179 1225 2214 Wolfgangus
1245 2180 1273 2205 in
1294 2180 1459 2214 Briivening.
1497 2181 1613 2206 Ioannes
1632 2179 1774 2206 Schretter
1793 2180 1891 2205 novius.

602 2219 643 2245 Fr.
658 2220 824 2247 Laurentius
842 2221 973 2248 Wallner.
1016 2222 1153 2248 Matthias
1173 2223 1295 2248 Duzman
1320 2223 1396 2256 prior
1419 2223 1447 2248 in
1467 2222 1647 2249 Osterhoven.
1689 2222 1717 2247 P.
1732 2221 1893 2248 Bonifacius

602 2263 707 2296 Negele
727 2263 755 2288 in
775 2264 1011 2298 Cremsmiinsteu]

551 2308 687 2335 Martinus
700 2310 763 2336 abb.
778 2311 812 2336 ad
827 2310 884 2336 Sum
899 2311 1040 2343 Vitum.¹⁰)
1079 2312 1118 2345 [P.
1133 2312 1274 2339 Conradus
1294 2313 1322 2338 in
1339 2313 1437 2339 Beijrn.
1474 2313 1503 2338 P.
1518 2312 1711 2347 Sigismundus
1730 2312 1759 2338 in
1773 2312 1892 2339 Gleiink.

603 2352 753 2383 Conradus,
778 2354 876 2380 Petrus
896 2355 964 2388 pbri.
1003 2355 1155 2382 Leukardis
1174 2364 1200 2381 n.
1215 2364 1237 2381 c.
1252 2361 1306 2382 eva.
1344 2356 1372 2381 P.
1388 2355 1545 2382 Leonardus
1564 2355 1592 2381 in
1612 2355 1681 2382 Attl.
1718 2355 1748 2381 P.
1762 2355 1892 2381 Placidus

603 2395 785 2428 Zuchermayr
799 2396 827 2421 in
842 2397 920 2423 Seon.
951 2397 1088 2424 Matthias
1100 2397 1283 2424 Weinbrener
1296 2398 1357 2431 pbr.
1371 2400 1399 2424 et
1413 2406 1471 2424 can.
1487 2398 1515 2423 in
1529 2397 1740 2431 Reichersperg.
1773 2398 1801 2424 P.
1813 2398 1892 2423 Wili—

604 2437 701 2463 baldus
721 2438 748 2464 in
768 2439 992 2466 Nidernaltaich.
1030 2441 1057 2466 P.
1074 2440 1207 2474 Aegidius
1227 2441 1330 2474 Hogler
1349 2441 1377 2466 in
1398 2440 1572 2474 Formbach]

346 2548 368 2579 a)
388 2548 420 2572 In
439 2549 554 2580 vum-yine
574 2550 697 2575 adiectum
717 2556 751 2575 est
770 2552 825 2575 alia
845 2561 934 2576 manu:
954 2554 979 2582 ,ἥ-
995 2554 1076 2578 1618‘.
1168 2553 1192 2585 b)
1213 2554 1247 2578 In
1265 2554 1380 2585 margine
1399 2554 1525 2578 adiectum
1544 2558 1578 2578 est
1597 2553 1685 2578 eadem
1704 2561 1797 2577 manu:
1820 2556 1891 2578 1584.

348 2629 367 2660 ¹)
389 2627 434 2654 Ob.
448 2636 472 2653 (ι.
488 2632 555 2654 1671.
654 2632 673 2659 ’-’)
693 2631 736 2655 Aa
753 2639 825 2663 quem
847 2632 1011 2662 referendum
1030 2634 1071 2664 sit,
1091 2641 1147 2659 non
1165 2636 1277 2660 constat.
1375 2635 1394 2666 ³)
1418 2633 1461 2659 Ob.
1475 2642 1500 2660 α.
1514 2636 1582 2659 1618.
1682 2634 1701 2665 ⁴)
1721 2633 1767 2659 Ob.
1782 2636 1891 2660 a.1584.

244 2671 264 2701 ⁵)
286 2669 330 2695 Ob.
344 2678 368 2695 a.
386 2674 452 2695 1551.

242 2721 267 2738 a.
285 2715 360 2739 1496.

554 2672 573 2702 ⁶)
595 2671 638 2696 Ob.
654 2681 677 2697 a.
694 2676 765 2698 1660.
864 2675 885 2706 τ)
906 2674 949 2700 Ob.
963 2684 987 2700 α.
1003 2679 1069 2702 1146.
1167 2677 1188 2708 ⁸)
1209 2676 1378 2702 Ob.a.1663.
1476 2678 1496 2707 ⁹)
1518 2675 1561 2702 Ob.
1575 2684 1599 2701 α.
1614 2679 1683 2702 1600.
1789 2678 1822 2709 ¹⁰)
1846 2675 1891 2702 Ob.
