2054 2948
240 94 301 124 528
603 89 787 116 ADDENDA⁴
824 88 948 115 NOTAE
968 88 1247 117 NECROLOGICAE
1266 89 1531 117 SLIERSEENSES.

292 181 423 206 XII.kal.
467 181 508 206 20.
555 176 744 207 chunradus
767 176 856 206 Ircus
885 175 936 206 ob.
960 176 993 206 in
1017 175 1157 215 Christo,
1190 177 1243 217 qui
1273 176 1362 207 dedit
1387 176 1479 207 nobis
1505 176 1547 207 ad
1570 176 1734 217 oblagium
1757 177 1890 209 feudum

596 227 681 268 quod
706 227 820 258 dieitur
844 226 950 258 Trock
973 228 1081 258 iacens
1105 228 1162 258 auf
1182 227 1240 259 der
1263 227 1500 259 Sunderleitten
1524 228 1702 259 solventem
1726 229 1889 259 annuatim

597 278 762 309 dimidiam
786 278 900 308 libram
924 278 1137 309 denariorum.

309 335 342 360 11.
357 334 411 360 kal.
457 334 498 360 30.
544 330 705 361 Michahel
730 329 770 360 de
787 329 911 370 Matrey
936 329 986 360 ob.
1004 331 1036 360 in
1053 329 1191 370 Christo,
1217 331 1271 371 qui
1295 330 1385 361 dedit
1408 330 1500 362 nobis
1521 331 1758 371 possessionem
1782 331 1889 362 iacen-

596 385 662 413 tem
686 382 776 412 iuxta
793 381 918 421 Mati-ey
942 381 974 411 in
997 384 1116 421 monte,
1141 383 1194 422 qui
1218 382 1332 413 dieitur
1347 382 1500 421 Nfitzens,
1524 382 1701 414 solventem
1724 383 1888 413 annuatim

603 435 638 464 13
663 432 760 463 libras
777 433 1013 463 Veronensium
1038 436 1070 463 et
1093 433 1187 464 latori
1210 444 1305 464 unam
1329 433 1444 465 libram
1461 433 1693 465 veronensem.

944 555 1180 591 OCTOBER.

317 632 349 659 V.
365 642 427 659 non.
483 634 506 659 3.
551 628 710 660 Rfidolfus
738 630 829 670 niger
860 629 900 660 de
925 628 1068 660 Waldek
1099 629 1149 659 ob.
1173 630 1205 660 in
1229 629 1370 669 Christo,
1403 631 1456 670 qui
1484 630 1573 661 dedit
1599 630 1690 661 nobis
1714 631 1833 661 curiam
1860 631 1890 660 in

594 681 783 721 Fisehpaeh.

290 735 349 762 VII.
364 736 400 762 id.
483 737 506 762 9.
551 732 705 764 Annivium
729 732 758 763 di
776 732 969 763 Wernhardi
995 732 1034 763 de
1051 732 1209 772 Waldek‚
1241 734 1293 774 qui
1317 732 1368 763 ob.
1388 744 1437 764 ao.
1455 732 1495 764 Di
1510 732 1731 770 MCCOLXV;
1764 733 1803 764 de
1828 743 1891 774 quo

598 787 764 825 presentes
789 784 856 815 caui
872 784 993 815 habent
1016 785 1047 815 in
1064 784 1242 816 redditibus
1259 787 1276 815 2
1294 784 1391 815 libras
1409 784 1613 816 denariorum
1639 784 1678 815 de
1702 794 1764 815 una
1783 785 1891 824 missa,

596 839 624 866 6.
650 836 730 866 feria
754 835 795 866 ad
819 841 869 865 s³¹¹¹
893 836 1081 867 Katerinam
1107 839 1139 867 et
1162 836 1202 867 de
1228 836 1355 867 annivffi.

251 890 406 916 XVII.ka1.
459 891 498 916 16.
545 887 604 918 Ao.
627 886 665 917 Di
688 886 867 918 MCCCLV
896 888 946 918 ob.
972 887 1198 918 d.Hain1-icus
1233 888 1335 919 dietus
1369 887 1606 928 Chfunstorfer7
1643 888 1697 928 qui
1733 887 1892 918 ordinavit

597 948 637 969 ex
655 940 782 970 vacaria
799 938 901 969 dietus
912 939 949 980 (Ξ)
964 939 1134 970 Haselrain
1164 941 1221 970 ¹00
1239 950 1350 971 caseos
1373 951 1430 980 pro
1448 939 1592 971 remedio
1616 939 1722 970 anime
1746 949 1813 977 sue,
1838 937 1892 979 qui

599 990 718 1021 debent
741 990 838 1021 dividi
864 991 894 1021 in
918 990 1035 1021 annivio
1055 990 1114 1021 sub
1139 991 1199 1022 hac
1223 991 1338 1022 forma:
1365 993 1405 1022 60
1422 991 1463 1022 ad
1480 992 1752 1031 communitatem,
1777 993 1890 1031 postea

597 1044 636 1072 25
662 1052 772 1072 caseos
796 1042 992 1083 pauperibus
1022 1053 1080 1083 pro
1109 1053 1192 1083 pane
1224 1046 1256 1074 et
1290 1045 1324 1073 13
1349 1043 1390 1074 ad
1414 1054 1513 1084 panes
1537 1046 1569 1074 et
1593 1045 1610 1074 2
1635 1053 1747 1074 caseos
1772 1042 1889 1077 editue,

596 1104 675 1134 quos
709 1095 896 1134 eonperavit
931 1094 1067 1135 propriis
1101 1094 1195 1125 rebus
1242 1106 1260 1126 a
1294 1095 1344 1132 dit
1393 1096 1445 1136 qui
1481 1095 1583 1125 dietus
1621 1093 1752 1126 annivffls
1793 1092 1891 1124 debet

594 1145 706 1186 peragi
738 1146 767 1175 in
799 1145 938 1176 secunda
969 1156 1105 1187 vespera
1128 1145 1223 1185 Galli,
1254 1147 1312 1177 nisi
1337 1146 1602 1187 impedimentum
1633 1145 1763 1187 aliquod
1792 1146 1889 1175 inter-

594 1197 731 1236 venerit,
765 1197 846 1227 infra
875 1198 1017 1238 spacium
1052 1200 1088 1228 14
1119 1198 1242 1229 dierum
1273 1199 1385 1239 peragi
1417 1198 1515 1229 debet
1546 1199 1613 1229 sine
1643 1197 1800 1228 dilacione
1831 1196 1889 1227 sub

594 1258 678 1288 pena
700 1248 920 1289 privationis³)
946 1249 1161 1289 predictorum
1188 1260 1368 1285 caseorum,
1404 1254 1436 1281 et
1459 1250 1633 1281 secundum
1665 1253 1808 1280 tenorem
1842 1248 1889 1279 sui

595 1300 763 1340 privilegii.
1175 1328 1184 1334 ,

303 1354 349 1380 XI.
363 1354 419 1380 kal.
464 1354 505 1380 22.
550 1350 727 1382 Dedicacio
752 1351 850 1383 eeclie.
897 1351 946 1382 Ex
971 1356 1062 1393 parte
1088 1352 1208 1393 oblagii
1232 1357 1398 1393 presentes
1426 1353 1493 1384 eani
1516 1352 1681 1384 habebunt
1705 1354 1744 1383 50
1769 1361 1890 1390 caseos,

595 1402 648 1443 qui
672 1402 789 1433 fuerint
813 1404 844 1433 in
861 1404 1004 1444 vesperis
1029 1407 1061 1435 et
1084 1404 1114 1434 in
1138 1405 1353 1444 processione,
1378 1405 1459 1435 sicut
1483 1405 1685 1446 privilagium
1710 1403 1739 1434 di
1758 1402 1888 1434 Rfidolfi

595 1453 635 1484 de
654 1454 793 1485 Waldek
818 1454 846 1484 11¹
870 1455 938 1485 eani
961 1459 1062 1486 sonat.

335 1565 357 1597 ³)
376 1566 444 1590 cod:
464 1566 588 1598 privatiis.
