2054 2948
160 183 235 210 VIII.
250 183 306 211 kal.

176 355 236 382 VII.
251 355 307 381 kal.

186 655 235 681 VI.
249 655 306 681 kal.

203 955 234 980 V.
248 954 304 981 kal.

187 1082 235 1109 IV.
249 1082 305 1108 kal.
351 1086 357 1094 ‘

186 1339 234 1365 III.
248 1339 304 1366 kal.

200 1511 234 1537 11.
248 1511 303 1538 kal.

251 1862 307 1888 kal.

192 2077 238 2103 IV.
251 2085 312 2103 uon.

190 2377 238 2403 III.
251 2386 313 2404 non.

352 184 392 210 24.

351 655 392 681 26.

350 1340 392 1365 29.

348 1512 389 1538 30.

367 2078 390 2103 μ’)

367 2379 391 2404 3.

702 97 966 124 NECROLOGIUM
986 97 1204 124 GARSTENSE.
1718 102 1776 136 361

437 183 488 210 Ob.
508 183 539 209 D.
558 182 744 216 Reginbertus
770 182 835 209 abb.
854 192 878 208 n.
898 191 920 209 c.
933 184 951 215 ¹)
997 183 1178 209 Sebastianus
1204 192 1244 209 cv.
1268 184 1301 209 de
1327 184 1446 211 Monsee.
1492 185 1604 211 Maurus
1633 185 1692 219 pbr.
1712 194 1737 212 n.
1758 194 1780 211 e.

488 226 591 252 Paulus
610 226 670 260 pbr.
685 226 717 251 de
733 225 978 259 Crembsmynster.
1011 226 1071 251 Fres
1084 226 1221 259 Casparus
1237 227 1265 252 et
1279 226 1446 253 Vincentius
1466 227 1499 253 de
1515 228 1617 254 Altach
1631 228 1779 262 Superiori.

490 269 646 295 Ber-nardus
665 269 724 302 pbr.
740 268 912 295 Hilariensis.
950 268 1080 294 Placidus
1100 269 1159 302 pbr.
1175 269 1207 295 :le
1222 269 1341 296 Mellico.
1379 269 1568 296 Ferdinandus
1588 272 1648 304 pbr.
1668 271 1780 298 ibidem.

487 311 578 337 Maria
596 311 718 337 Antonia
737 311 814 345 profu*
832 311 860 337 in
881 311 1060 345 Nidernburg
1079 311 1211 338 Passavii.

372 355 393 380 ”.
439 354 489 380 Ob.
503 353 696 388 Sigismundus
716 354 775 387 pbr.
795 354 828 380 de
847 354 879 380 S⁰
893 354 989 380 Paulo.
1027 355 1143 380 Iacobus
1167 363 1225 381 acc.
1244 355 1278 380 de
1297 355 1506 383 Seittensteten.
1545 356 1638 382 Simon
1658 356 1733 390 prior
1753 356 1781 382 in

489 397 652 430 Tegernsee.
689 397 822 428 Michaeh
846 397 1078 424 Bartholomaeus
1104 398 1232 428 Ioannes,
1252 398 1449 432 &Volffgangus
1475 399 1536 432 pbri
1560 399 1593 426 de
1617 399 1780 426 Formbach.

487 440 674 466 Columbanus
689 448 729 466 ev.
744 439 772 465 in
783 440 945 474 Tegernsee.
978 441 1118 473 Rupertus
1133 449 1174 467 cv.
1188 450 1214 466 n.
1227 450 1249 466 c.
1281 441 1396 467 Ioannes
1410 442 1470 475 pbr.
1485 442 1518 467 de
1531 442 1631 468 Altach
1647 441 1780 468 Inferiori.

488 483 519 508 D.
531 482 685 508 Malachias
695 482 759 508 abb.
771 482 967 515 Hilariensisfl)
996 483 1164 514 Dominieus,
1176 483 1305 515 Thomas,
1318 484 1432 510 Ioannes
1446 485 1506 518 pbri
1520 484 1632 510 ibidem.
1662 484 1782 510 Christo-

489 525 591 559 phorus
610 524 670 558 pbr.
685 525 719 550 ad
732 524 788 551 Sum
803 525 950 551 Nicolaum
965 534 1051 559 prope
1067 526 1238 552 Passavium.
1269 527 1405 553 Pati-inus
1420 527 1537 554 clericus
1556 527 1669 553 ibidem.
1701 529 1781 553 Caro-

488 569 530 594 lus
553 568 613 602 pbr.
633 568 666 594 (le
690 568 933 602 Crembsmynster.
976 569 1109 602 Iosephus
1135 569 1194 602 pbr.
1214 569 1242 595 in
1266 569 1506 596 Raittenhaslach.
1549 570 1696 596 Fulbertus
1721 570 1782 604 pbr.

486 611 724 638 Wessofontanus.

438 654 488 681 Ob.
506 654 701 688 Wolffgangus
725 653 784 687 pbr.
805 653 837 679 de
861 653 981 680 Mellieo.
1023 653 1169 680 Udalricus
1195 663 1234 680 εν.
1255 655 1288 680 de
1312 655 1460 681 Gottwieo.
1498 655 1581 681 Vitus
1605 656 1638 682 de
1662 656 1781 687 Monsee‚

488 697 590 722 Paulus
613 697 640 722 in
659 696 813 731 Tegernsee
838 697 906 730 pbri.
947 697 1070 723 Mathias
1097 697 1171 730 prior
1195 697 1227 723 de
1252 698 1354 724 Altach
1380 698 1512 725 Inferiori.
1549 698 1697 725 Udalrious
1721 699 1781 733 pbr.

487 740 521 765 de
534 739 654 766 Monsee.
684 739 777 765 Simon
798 739 856 773 pbr.
871 739 904 765 de
918 739 1019 766 Altaeh
1034 739 1168 772 1uferiori,
1187 740 1253 766 olim
1274 741 1411 774 parochus
1430 741 1456 767 in
1476 741 1647 768 Losenstain.
1682 741 1782 768 Vitalis

487 782 547 816 pbr.
561 782 589 808 in
604 782 731 808 Admont.
764 782 866 808 'robias
885 782 1015 816 supprior
1034 782 1062 808 in
1081 783 1201 809 Monsee.
1240 784 1352 810 Rufinus
1372 784 1432 818 pbr.
1447 784 1480 811 de
1494 784 1588 811 Seeon.
1621 784 1782 811 Franciscus

489 825 548 858 pbr.
568 825 812 859 Baumburgensis.
855 825 1013 851 Desiderius
1037 826 1096 859 pbr.
1116 826 1143 852 in
1165 826 1342 853 Oberaltach.
1380 827 1518 854 Martinus
1543 836 1584 853 CV.
1604 827 1781 854 Mellicensis.

485 867 576 894 Maria
596 868 702 894 Corona.
722 868 797 902 prof:²
816 868 844 894 in
859 868 993 902 Nunberg
1012 869 1175 903 Salis-burgi.
1214 870 1329 896 Ioannes
1343 870 1509 896 Guilielmus
1529 870 1586 904 pbr.
1602 870 1638 896 ud
1651 871 1708 896 Sum
1722 870 1781 896 Flo-

488 920 607 937 nanum.

384 974 390 980 .
436 954 486 981 Ob.
504 954 608 980 Paulus
631 954 664 980 de
689 954 840 984 Gottwieo,
866 954 999 987 Georgius
1023 954 1055 979 de
1083 954 1114 980 S<¹
1132 954 1219 981 Paulo
1244 954 1311 988 pbri.
1355 954 1397 980 Fr.
1416 955 1574 982 Leonardus
1604 956 1637 982 de
1661 956 1782 983 Monsee.

488 996 637 1023 Mauritius
665 996 722 1030 pbr.
747 997 780 1022 de
804 996 906 1022 Altach
932 996 1066 1023 Inferiori.
1112 997 1243 1023 Placidus
1270 998 1328 1030 pbr.
1348 1007 1373 1023 n.
1392 1007 1413 1024 e.
1458 998 1631 1032 Augustinus
1657 999 1728 1025 diac.
1748 1000 1781 1025 de

489 1039 730 1073 Closterneuburg.
767 1038 948 1066 Sebastianus
968 1039 1026 1073 pbr.
1047 1039 1073 1064 iu
1096 1039 1337 1066 Raittenhaslach.

437 1082 577 1108 Annivmm
601 1082 778 1108 fundatorum
802 1083 827 1107 ni
846 1082 927 1107 monii
947 1081 1105 1114 Ottokari³J
1128 1084 1156 1108 et
1180 1082 1360 1108 Elisabethae
1386 1083 1576 1109 marchionum
1602 1084 1730 1110 Austriae
1754 1086 1782 1110 et

488 1125 610 1159 Styriae;
632 1125 839 1152 benefactorum
859 1124 1013 1156 omnium.³)

437 1168 488 1194 Ob.
502 1168 625 1194 Andreas
645 1168 677 1194 de
697 1168 816 1198 Mellico,
838 1168 954 1194 Ioannes
973 1167 1006 1193 de
1024 1167 1135 1194 Mansee
1156 1167 1224 1200 pbri.
1260 1167 1382 1194 Miehael
1403 1168 1462 1202 pbr.
1481 1169 1514 1195 de
1533 1169 1680 1196 Lambaco.
1718 1170 1782 1196 Gre-

486 1210 581 1244 gorius
613 1211 671 1244 pbr.
700 1210 733 1236 de
763 1209 1004 1236 Raittenhaslach.
1052 1210 1149 1235 Petrus
1178 1210 1237 1244 pbr.
1267 1211 1300 1237 de
1328 1211 1477 1238 Gottwico.
1523 1212 1627 1238 Vitalis
1659 1213 1718 1246 pbr.
1747 1213 1782 1239 ad

486 1252 543 1279 Sum
564 1253 675 1279 Petrum
701 1253 865 1287 Sulisburgi.
909 1253 1043 1285 Aegidius
1070 1253 1130 1286 pbr.
1150 1254 1184 1279 ad
1209 1254 1305 1280 Scotos
1324 1255 1455 1281 Viennae.
1500 1255 1624 1281 Hilarius
1649 1256 1708 1289 pbr.
1728 1256 1783 1282 Ad-

487 1295 647 1322 montensis.

437 1339 487 1365 Ob.
503 1339 533 1365 D.
548 1339 715 1366 Wilhelmus
735 1339 763 1365 in
784 1338 938 1372 Tegernsee
961 1340 1037 1372 pros„
1061 1339 1124 1365 abb.
1145 1339 1171 1364 in
1192 1339 1424 1366 Benedietbeiirn.
1463 1341 1648 1376 Wolfgaugus
1669 1343 1728 1376 pbr.
1749 1343 1782 1369 de

488 1382 590 1408 Altach
615 1382 748 1408 Inferiori.
787 1382 942 1408 Bernardus
967 1381 1025 1415 pbr.
1044 1382 1077 1408 de
1098 1381 1217 1408 Mansee.
1255 1383 1373 1409 Iacobus
1399 1383 1458 1417 pbr.
1479 1384 1512 1410 de
1532 1384 1611 1411 Seon.
1648 1385 1783 1420 Georgius

488 1427 547 1460 pbr.
571 1426 606 1452 ad
629 1426 685 1452 Sum
704 1426 891 1453 Lambertum.
933 1426 1049 1452 Iacobus
1074 1426 1134 1460 pbr.
1154 1427 1187 1453 de
1212 1427 1455 1462 Closterneuburg.
1500 1429 1667 1455 Benedictus
1690 1438 1730 1456 cv,
1751 1438 1783 1456 ex

488 1469 590 1495 Altach
610 1468 745 1495 Inferiori.
783 1468 957 1495 Coelestinus
977 1469 1036 1502 pbr.
1053 1470 1290 1503 Altenburgensis.

435 1512 485 1538 Ob.
500 1512 617 1538 Ioannes
631 1512 658 1538 in
673 1512 835 1546 Tegernsee,
856 1512 972 1538 Ioannes
986 1512 1020 1538 de
1034 1513 1146 1539 Mansee
1160 1513 1228 1547 pbri.
1261 1513 1383 1539 Michael
1397 1516 1424 1540 et
1439 1514 1533 1540 Sixtus
1547 1515 1607 1548 pbri
1622 1515 1650 1541 in
1664 1515 1782 1549 Tegern-

487 1563 540 1581 see.
578 1554 745 1580 Benedictus
764 1554 840 1588 prior
859 1555 892 1581 de
911 1555 1013 1581 Altae-h
1034 1555 1169 1582 Inferiori.
1202 1556 1388 1590 wolfgangus
1409 1557 1469 1590 pbr.
1483 1557 1517 1583 de
1536 1557 1656 1584 Mansee.
1694 1558 1783 1584 Maria,

488 1597 587 1623 Ursula
606 1599 682 1631 prof-”¹
702 1597 730 1623 in
750 1598 893 1632 Nunberg.
930 1599 1077 1625 Ansehnus
1100 1599 1160 1632 pbr.
1180 1599 1207 1625 in
1228 1599 1346 1632 Aspach.
1385 1600 1522 1626 Martinus
1542 1600 1602 1634 pbr.
1616 1611 1640 1626 u.
1655 1609 1677 1627 c.
1715 1601 1782 1627 Nar-

488 1639 573 1666 cissus
598 1640 657 1674 pbr.
678 1641 711 1667 de
732 1643 866 1675 Augusta.
904 1641 1040 1667 Martinus
1065 1642 1124 1675 pbr.
1144 1642 1180 1668 ad
1199 1642 1255 1668 Sum
1273 1642 1433 1669 Martinuni.
1472 1643 1644 1670 Octavianus
1668 1643 1728 1677 pbr.
1748 1644 1783 1669 ad

489 1682 546 1709 Ss0⁵
566 1683 728 1710 Udalricuni
748 1686 776 1710 et
797 1684 899 1710 Afram.
936 1684 1060 1710 Andreas
1084 1685 1144 1718 pbr.
1164 1685 1192 1710 in
1212 1685 1342 1712 Admont.
1380 1686 1521 1712 Amandus
1540 1687 1599 1720 pbr.
1619 1687 1647 1712 iu
1662 1686 1782 1720 Aspaeh.

820 1790 977 1826 DECEM
981 1791 1087 1826 BER.

439 1863 489 1888 Ob.
503 1863 533 1888 D.
548 1863 684 1897 Virgilius
703 1864 766 1890 abb.
781 1864 814 1890 de
834 1864 1021 1897 Salzbu1·ga.⁴‘›
1059 1864 1216 1891 Leonardus
1236 1865 1295 1899 pbr.
1310 1865 1343 1890 de
1358 1865 1460 1891 Altach
1480 1864 1629 1898 Superiori.
1661 1865 1782 1892 Michael

488 1906 579 1932 novius
592 1906 625 1931 de
643 1905 676 1932 80
690 1905 872 1932 Einerammo.
904 1907 1024 1932 Thomas
1045 1907 1078 1933 de
1096 1907 1128 1933 S0
1145 1908 1302 1941 Laiuperto.
1341 1908 1480 1934 Romanus
1500 1907 1559 1941 pbr.
1574 1907 1607 1933 de
1621 1908 1781 1941 salzburga.

489 1948 627 1974 Romanus
651 1949 712 1982 pbr.
731 1949 764 1975 de
791 1949 912 1975 Mellico.
949 1949 1083 1976 Henrieus
1104 1950 1178 1984 prior
1202 1950 1229 1976 in
1249 1950 1415 1984 Altenburg‚
1437 1950 1622 1976 (solumbanus
1641 1951 1781 1984 quondam

488 1991 617 2024 supprior
636 1991 748 2018 ibidem.
785 1992 828 2018 Fr.
844 1992 1009 2019 Benedictus
1035 1993 1102 2026 prof.
1125 1993 1151 2019 in
1165 1993 1434 2027 YVeichenstephan.
1472 1993 1650 2019 Marcellinus
1674 1993 1733 2027 pbr.
1753 1994 1781 2019 in

490 2034 655 2067 Altenburg.

436 2077 486 2104 Ob.
500 2078 686 2112 VVolfgangus
706 2077 842 2111 supprior.
863 2078 962 2104 Petrus
980 2078 1040 2112 pbr.
1060 2078 1093 2104 de
1112 2079 1212 2105 Altach
1234 2079 1370 2105 Inferiori.
1408 2079 1439 2105 D.
1454 2079 1604 2105 Balthasar
1624 2079 1782 2106 Praetorius

488 2120 698 2148 administrator
717 2121 743 2146 in
765 2120 1008 2155 Closter-neuburg.
1046 2122 1077 2147 D.
1092 2122 1217 2149 Andreas
1236 2131 1314 2156 ppos.
1335 2122 1473 2150 ibidem&
1511 2122 1541 2148 D.
1555 2122 1680 2149 Andreas
1704 2131 1782 2156 ppos

489 2163 522 2190 de
542 2163 810 2198 Closterneuburg.⁰)
847 2165 963 2191 Ioannes
977 2164 1188 2197 chrysostomus
1208 2165 1268 2198 pbr.
1283 2165 1318 2191 ad
1337 2164 1393 2191 Sum
1408 2165 1579 2191 Udalricum.
1617 2165 1782 2192 Gruilielmus

488 2215 528 2233 ev.
549 2207 577 2233 in
602 2207 819 2234 Cremsminster.
861 2207 1022 2234 Bonifacius
1046 2217 1087 2234 CV.
1107 2208 1140 2234 de
1164 2208 1321 2242 Pollingen.
1359 2207 1494 2242 Virgilius
1520 2207 1578 2241 pbr.
1599 2207 1627 2233 in
1652 2208 1781 2234 Admont.

487 2250 647 2277 Guntberus
672 2259 712 2276 CV.
732 2250 765 2276 de
785 2250 889 2277 Altach
912 2250 1047 2277 Inferior-i.
1091 2251 1248 2277 Leonardus
1274 2251 1404 2285 supprior
1426 2260 1451 2276 n.
1471 2251 1519 2282 ab)
1562 2250 1595 2276 D.
1612 2251 1781 2277 Adalbertus

488 2293 551 2320 abb.
571 2293 600 2319 in
619 2293 835 2323 Nideraltach.⁷)
874 2293 961 2320 Lucas
986 2294 1056 2327 prof.
1075 2293 1104 2320 in
1124 2294 1303 2321 Oberaltaeh.
1341 2294 1504 2320 Franciscus
1524 2294 1646 2320 Michael
1667 2294 1726 2327 pbr.
1746 2294 1781 2320 ad

488 2335 546 2362 Sum
560 2336 708 2362 Nicolaum
729 2336 863 2362 Passavii.

437 2378 486 2404 Ob.
505 2378 662 2405 Ludovicus
687 2379 746 2413 pbr.
767 2379 794 2405 in
814 2379 978 2413 Tegernsee.
1022 2380 1161 2413 Rupertus
1186 2379 1245 2413 pbr.
1265 2379 1298 2405 de
1319 2379 1481 2412 Salzburga.
1523 2379 1565 2405 Fr.
1584 2379 1723 2406 Erhardus
1747 2380 1781 2406 de

487 2421 695 2448 Seittensteten.
742 2422 784 2448 Fr.
805 2422 926 2448 Michael
955 2423 988 2448 de
1014 2422 1161 2448 Lambaco.
1208 2421 1342 2448 Henricus
1371 2431 1412 2448 ον.
1439 2422 1472 2448 de
1499 2422 1602 2448 Altach
1630 2422 1780 2455 Superiori.

487 2465 604 2490 Ioannes
630 2464 690 2498 pbr.
714 2465 747 2491 de
771 2464 933 2499 Salzburgu..
976 2465 1088 2492 Alexius
1114 2465 1174 2498 pbr.
1198 2465 1226 2490 in
1253 2465 1355 2491 Altach
1382 2465 1530 2498 Superiori.
1573 2465 1722 2491 Balthasar
1748 2465 1781 2491 de

231 2558 253 2589 ²)
273 2558 347 2583 Haec
365 2563 427 2583 nota
446 2559 546 2591 maynis
565 2560 664 2591 litteris,
683 2566 795 2585 attamen
810 2562 898 2592 prima
918 2569 997 2585 ηιαιιιι
1017 2566 1051 2585 est
1071 2562 1203 2592 inscripta.
1314 2559 1339 2591 ιΓ)
1360 2561 1393 2585 In
1412 2561 1527 2592 marylne
1547 2560 1663 2585 additum
1683 2559 1780 2590 †1680.

231 2634 251 2666 ¹)
274 2633 319 2660 Ob.
328 2637 389 2667 post
408 2643 433 2660 α.
444 2638 504 2661 1219
521 2636 620 2667 (Mart.
632 2639 661 2661 19
679 2635 780 2662 Necrol.
794 2636 939 2669 Admont.)
1063 2638 1083 2668 ²)
1107 2637 1152 2662 ob.
1167 2639 1266 2662 a.1680
1290 2636 1369 2666 (Dec.
1386 2642 1402 2661 ὅ
1420 2635 1563 2667 Lindner).
1691 2638 1711 2667 ³)
1735 2635 1780 2662 Ob.

127 2683 153 2701 a.
165 2677 237 2703 1122.
339 2678 359 2709 ⁴)
382 2676 428 2703 Ob.
442 2686 466 2702 ιι.
479 2681 533 2709 784,
552 2677 606 2703 (lies
627 2678 697 2704 ran-ie
715 2678 842 2705 traditur.
940 2681 960 2711 ⁵)
982 2679 1027 2705 Ob.
1042 2688 1066 2705 «ι.
1079 2683 1151 2705 1629.
1254 2680 1274 2710 ⁶)
1293 2679 1371 2704 Hace
1392 2681 1454 2704 noi«.
1474 2678 1510 2703 «cd
1527 2678 1637 2703 eundem
1652 2678 1779 2710 pertinet.

128 2719 149 2751 ⁷)
169 2718 215 2745 Ob.
228 2727 253 2745 α.
264 2723 339 2746 1694.

231 2769 315 2797 Nsscn.
328 2771 496 2797 ALDERSBAC.
509 2777 556 2797 etc.
1539 2773 1571 2798 46
