2054 2948
167 171 252 197 XVII.
266 171 321 197 kal.

189 413 247 454 xii.
261 427 317 453 kal.

175 639 246 666 XIV.
261 640 317 666 kal.

174 938 248 965 XIII.
264 938 320 965 kal.

187 1111 246 1137 XII.
261 1111 316 1137 kal.

198 1325 244 1352 XI.
259 1325 315 1352 kal.

215 1710 246 1736 X.
260 1710 316 1736 kal.

202 1924 317 1950 1X.kal.

170 2181 245 2207 VIII.
259 2181 315 2208 kal.

184 2352 244 2379 VII.
260 2353 316 2379 kal.

369 170 408 196 17.

364 427 404 453 18.

364 640 404 667 19.

365 939 407 966 20.

365 1110 406 1136 21.

362 1924 403 1950 124.

360 2182 402 2208 25.

362 2353 403 2380 26.

716 83 981 110 NECROLOGIUM
1000 83 1221 111 GARSTENSE.
1734 90 1795 120 357

454 169 506 196 Ob.
524 168 677 195 Catharina
697 168 806 200 Lenzin,
827 168 1001 195 benefacti-ix
1019 173 1059 194 n³.
1097 169 1212 196 loannes
1232 170 1264 195 de
1284 170 1402 203 Meflico,
1423 171 1525 198 Paulus
1544 173 1577 199 de
1596 172 1794 200 Seittenstettn

504 212 572 245 pbri.
610 212 726 238 Ioannes
745 211 821 245 prior
839 212 873 238 de
893 211 996 238 Altacl]
1015 211 1165 245 Superiori.
1204 213 1336 239 Nicolaus
1357 214 1491 241 Hem-icus
1511 216 1570 249 pbr.
1590 216 1625 242 ad
1643 216 1699 242 Sum
1713 216 1796 243 Udal-

505 255 600 280 ticum.
643 254 756 280 Carolus
784 255 844 288 pbr.
869 256 897 280 et
920 263 975 281 sen.
996 264 1021 280 u.
1042 263 1075 281 c..
1099 254 1166 281 olim
1185 255 1260 289 prior
1283 258 1311 282 et
1330 257 1548 284 administrator.
1592 259 1712 286 Thomas
1731 260 1747 286 l.
1768 260 1796 285 in

504 297 746 331 Closterneuburg.
783 297 992 323 Maximilianus
1018 297 1078 330 pbr.
1096 297 1209 324 ibidem.
1250 298 1352 325 Paulus
1372 300 1432 332 pbr.
1453 300 1564 327 ibidem.
1602 302 1717 328 Ioannes
1737 303 1795 336 pbr.

503 340 539 366 ad
557 340 614 366 Sum
634 339 804 366 Udalricum.
846 340 1014 366 Guilielmus
1041 340 1100 374 pbr.
1120 340 1149 366 in
1167 340 1361 367 Nideraltach.
1407 343 1436 368 1).
1455 343 1604 378 Gregorius
1623 345 1686 371 abb.
1706 345 1795 371 Melli-

503 383 623 416 censis.¹)
661 383 703 409 Fr.
723 383 837 410 Gabriel
856 384 925 417 prof.
940 383 1052 409 ibidem.
1089 384 1231 410 Amandus
1250 385 1310 418 pbr.
1325 385 1352 411 in
1371 385 1470 412 Mettn.

450 426 501 453 Ob.
516 426 595 460 Hugo
615 426 778 457 Pouhalbm,
799 426 960 452 benefactor
978 435 1003 452 n.
1041 426 1072 452 D.
1087 427 1201 453 Ioannes
1221 427 1287 453 olim
1307 428 1335 454 in
1350 428 1504 462 'I'egernsee
1524 430 1602 463 prof,
1617 431 1681 457 abb.
1700 440 1795 458 secun-

501 468 550 494 dus
574 467 603 494 in
626 468 720 494 Monte
743 468 846 495 Sancto
871 469 975 495 Andex.
1012 469 1207 502 Cristophorus
1230 470 1290 504 pbr.
1310 471 1343 497 de
1364 471 1581 499 Cremsminster.
1624 473 1744 500 Basilius
1769 477 1797 501 et

504 510 678 544 Augustinus
701 511 762 544 pbri
782 511 814 537 de
834 511 954 538 Mansee.
992 512 1125 538 Henricus
1152 513 1211 546 pbr.
1232 513 1265 539 de
1285 513 1387 540 Altach
1408 514 1542 541 Inferiori.
1578 515 1610 542 D.
1632 516 1797 544 Valentinus

502 553 566 580 abb.
586 554 619 579 de
644 554 788 587 Mellico.²)
831 554 967 580 Achatius
991 555 1050 588 pbr.
1075 554 1104 580 in
1128 555 1257 582 Adniont.
1299 556 1472 583 Coelestinus
1496 559 1556 592 pbr.
1582 559 1609 584 in
1634 559 1796 586 Formbach.

503 597 534 623 D.
551 596 747 630 Cristophorus
766 597 830 624 abb.
849 597 878 622 in
898 597 998 630 Rotw)
1036 598 1125 624 Maria
1145 598 1306 625 Ereutrudis
1326 600 1433 625 smonlis
1452 600 1480 627 in
1499 602 1715 629 Hoehenwarth.

450 639 500 666 Ob.
515 639 546 665 D.
562 639 675 666 loannes
694 639 758 666 abb.
772 639 916 666 Scotorum
930 640 1082 671 Viennae⁴)
1102 644 1130 667 et
1149 641 1313 668 reformator
1331 643 1411 668 monii
1431 643 1458 668 in
1479 644 1642 678 Tegernsee.
1678 645 1794 672 Iodocus

500 682 532 709 de
547 682 669 713 Meflico,
683 683 799 709 Ioannes
813 683 845 709 de
860 683 963 709 Altach
977 682 1118 716 Superiori
1138 684 1208 717 pbri.
1240 685 1270 711 D.
1282 685 1405 711 Andreas
1423 686 1488 713 abb.
1502 687 1535 713 de
1548 686 1796 719 Seittonstettenfi)

499 726 532 751 D.
551 725 744 759 Sigismundus
768 725 832 752 abb.
853 726 886 751 de
910 726 1054 759 Mellicofi)
1098 727 1229 753 Nicolaus
1253 728 1312 761 pbr.
1338 728 1365 754 in
1385 728 1548 763 Tegernsee.
1591 730 1740 765 Philippus
1764 732 1797 758 de

501 768 604 794 Altach
625 768 759 800 1nferiori,
780 768 900 794 Thomas
920 769 953 794 de
966 769 1123 795 Formbach
1143 770 1212 803 pbri.
1249 771 1410 797 Matthaeus
1429 772 1489 805 pbr.
1504 773 1537 799 de
1551 772 1795 800 Raittenhaslach.

501 811 699 837 Bonaventura
720 811 779 844 pbr.
795 811 824 837 in
838 811 957 844 Polling.
988 812 1169 845 Margaretha
1189 821 1240 839 sor.
1254 813 1277 838 1⁶¹
1298 814 1324 839 in
1343 814 1558 842 Hochenwarth.
1590 816 1717 849 Ignatius
1737 817 1797 850 pbr.

502 854 535 879 de
545 853 648 880 Altach
661 853 810 887 Superiori.
839 854 998 888 Alphonsus
1012 855 1070 888 pbr.
1083 855 1116 881 de
1126 855 1247 882 Mellico.
1279 856 1409 883 Placidus
1423 857 1483 891 pbr.
1495 857 1523 884 in
1535 859 1610 884 Rott.
1642 859 1797 886 Bernardus

502 896 562 930 pbr.
574 896 601 922 in
614 896 855 931 Closterneuburg.
886 897 1022 931 Virgilius
1036 898 1096 931 pbr.
1108 897 1135 923 in
1148 898 1298 926 Chiemsee.
1328 900 1356 925 P.
1370 900 1481 926 Maurus
1494 901 1563 934 prof.
1573 901 1796 935 Tegernseensis.

455 939 505 965 Ob.
524 939 656 966 Ortolffus
676 941 703 965 et
722 939 832 965 Ulricus
853 939 979 965 Wielanz
1003 940 1140 973 huiusque
1164 950 1208 967 nx.
1228 941 1328 972 Gisila,
1354 943 1542 970 benefactores
1566 944 1600 969 ni.
1638 944 1796 971 Leonardus

502 982 535 1008 (16
551 982 699 1013 Gottwico,
720 982 853 1009 Nicolaus
873 983 906 1009 de
920 983 1023 1009 Altach
1042 983 1169 1010 Inferiori
1189 984 1258 1017 pbri.
1289 985 1411 1012 Michael
1432 986 1491 1019 pbr.
1506 986 1539 1013 de
1553 987 1651 1013 Mettn.
1683 987 1796 1013 Bernan

501 1025 552 1050 dus
575 1025 637 1058 pbr.
657 1024 684 1050 in
704 1025 867 1058 Tegernsee.
905 1025 1017 1051 Maurus
1041 1026 1100 1059 pbr.
1119 1026 1152 1052 (16
1172 1027 1275 1053 Altach
1294 1027 1443 1061 Superiori.
1482 1029 1711 1056 Bartholomaeus·
1735 1030 1796 1063 pbr.

504 1067 532 1092 in
553 1067 718 1101 Tegei-usee.

453 1110 503 1137 Ob.
524 1110 633 1136 Uli-icus
657 1111 869 1144 Simenpolster‚
897 1111 1052 1138 Fridericus
1079 1113 1260 1146 Kersperger.
1290 1114 1482 1140 benefactores
1508 1115 1542 1141 ni.
1585 1115 1616 1140 D.
1637 1115 1795 1141 Leonardus

501 1153 563 1179 abb.
579 1162 603 1179 n.
619 1155 664 1183 c.⁷)
700 1153 856 1180 Leonardus
876 1156 905 1180 et
918 1155 1055 1180 Martinus
1076 1156 1135 1188 pbri
1150 1155 1178 1181 in
1192 1156 1356 1189 Tegei-nsee.
1390 1157 1505 1183 Ioannes
1525 1157 1584 1191 pbr.
1600 1158 1633 1183 de
1647 1158 1795 1184 Lambaco.

500 1196 624 1223 Andreas
650 1196 710 1230 pbr.
736 1197 770 1223 de
795 1197 945 1223 Gottwico.
991 1198 1103 1224 Maurus
1131 1199 1206 1231 prior
1232 1199 1265 1225 de
1289 1199 1384 1225 Seeon.
1428 1200 1525 1226 Petrus
1552 1201 1610 1234 pbr.
1635 1200 1668 1226 de
1694 1201 1796 1227 Altae-h

499 1239 649 1272 Superiori.
696 1239 736 1265 Fr.
762 1240 900 1266 Martinus
927 1240 959 1267 de
985 1240 1221 1275 Closterneuburg
1249 1251 1288 1268 CV.
1335 1242 1472 1268 Adrianus
1500 1243 1560 1276 pbr.
1588 1243 1614 1269 in
1644 1243 1795 1270 Chiemsee.

500 1282 589 1308 Maria
609 1282 714 1315 Sophia
733 1291 784 1308 sor.
800 1283 825 1308 1²
845 1283 883 1316 [in
901 1283 1108 1317 Hochenwartl.

397 1346 402 1352 .
449 1325 499 1351 Ob.
512 1325 648 1351 Martinus
661 1325 811 1356 Wechsler,
827 1325 988 1352 benefactor
1001 1336 1025 1352 n.
1059 1327 1156 1352 Petrus
1171 1326 1241 1353 diac.
1253 1327 1286 1353 de
1298 1327 1418 1354 Mellico.
1450 1328 1584 1354 Heni-icus
1599 1329 1658 1362 pbr.
1673 1329 1706 1354 de
1720 1329 1795 1355 Cella

499 1368 612 1394 Mariae.
650 1368 778 1394 Erasmus
803 1368 836 1394 de
857 1368 1023 1397 Ratisbona.
1046 1369 1233 1403 wolfgangus
1257 1370 1290 1396 de
1308 1370 1524 1397 Seittenstetten
1549 1371 1617 1405 pbri.
1655 1371 1794 1398 Erhardus

499 1411 532 1437 de
551 1411 652 1437 Altaeh
678 1411 816 1442 inferiori,
845 1411 979 1445 Georgius
1003 1412 1036 1438 de
1058 1412 1128 1438 Seon
1154 1412 1222 1446 pbri.
1266 1413 1380 1439 loannes
1404 1413 1436 1439 de
1463 1413 1614 1443 Lambaco.
1639 1414 1794 1448 Simpertus

499 1453 533 1480 de
547 1455 674 1487 Augusta
695 1454 764 1487 pbri.
797 1454 912 1480 Ioannes
932 1455 991 1488 pbr.
1006 1455 1038 1481 de
1054 1455 1156 1480 Altach
1171 1455 1305 1482 Inferiori.
1339 1456 1533 1483 bonaventura
1553 1457 1613 1490 pbr.
1627 1457 1659 1483 de
1674 1458 1793 1484 Mansee.

499 1496 530 1522 D.
547 1497 648 1522 Paulus
672 1497 736 1523 abb.
756 1497 789 1523 (16
810 1497 997 1531 Tegernsee.÷›
1036 1498 1170 1524 Melchior
1189 1501 1215 1524 et
1236 1499 1372 1525 Matthias
1392 1499 1451 1532 pbri
1471 1499 1503 1526 de
1523 1500 1625 1526 Altach
1644 1500 1794 1534 Superiori.

498 1539 729 1565 Bartholomaeus
749 1548 790 1566 cv.
811 1540 922 1566 ibidem
962 1540 1109 1566 Udalricus
1129 1541 1188 1574 pbr.
1203 1541 1230 1566 in
1253 1541 1369 1575 Polling.
1410 1542 1524 1568 lacobus
1544 1543 1603 1577 pbr.
1618 1543 1646 1569 in
1669 1544 1793 1570 Raitteu-

498 1582 622 1608 haslach.
661 1582 835 1616 Theophilus
855 1583 931 1616 prior
951 1583 978 1608 in
1000 1583 1113 1614 Gleink,
1134 1584 1203 1616 prof.
1218 1583 1469 1617 Cremiphanensis.
1506 1585 1549 1611 Fr.
1566 1587 1704 1612 Amandus
1724 1588 1793 1620 prof.

499 1626 779 1659 Mallerstorphensis.
818 1626 1003 1660 &Volfgungus
1024 1627 1083 1660 pbr.
1102 1626 1467 1662 Claustro-Neoburgensis.
1505 1628 1685 1654 Sebastianus
1705 1638 1745 1655 cv.
1766 1629 1793 1655 in

500 1668 629 1694 Admont.
666 1668 848 1701 Ildepbonsus
869 1669 927 1702 pbr.
943 1678 968 1694 n.
983 1678 1005 1695 (τ.
1025 1671 1050 1701 (l'
1068 1669 1151 1697 1695).

450 1710 499 1736 Ob.
515 1711 817 1741 Heni-icus1.ilbke1·us‚
838 1711 1001 1738 benefactor
1020 1721 1044 1737 n.
1080 1712 1110 1738 D.
1126 1712 1270 1738 Florianus
1290 1713 1353 1738 abb.
1368 1722 1393 1738 11.
1408 1715 1453 1745 (κθ)
1486 1714 1610 1740 Andreas
1630 1716 1656 1740 et
1677 1715 1792 1741 Ioannes

499 1754 559 1786 pbri
586 1754 618 1779 de
645 1754 766 1780 Mansee.
810 1754 921 1780 Maurus
947 1755 1006 1788 pbr.
1032 1755 1064 1781 de
1089 1755 1251 1789 Salzburga.
1296 1755 1392 1782 Petrus
1419 1756 1494 1789 prior
1518 1757 1551 1783 de
1578 1756 1655 1783 Cella
1678 1757 1791 1783 Mariae,

499 1796 637 1822 Martinus
657 1796 781 1822 Donatus
805 1796 834 1822 in
855 1797 1017 1830 'l‘egernsee
1055 1797 1145 1824 Venlis
1165 1798 1243 1831 virgo
1263 1798 1351 1824 Maria
1370 1799 1428 1824 Eva
1452 1799 1559 1825 smonlis
1579 1799 1611 1825 de
1631 1799 1791 1834 Salzburga.

500 1839 603 1865 Tobios
626 1839 685 1872 pbr.
706 1839 739 1865 de
761 1839 829 1865 Attl.
866 1839 1023 1873 Stephanus
1048 1840 1107 1873 pbr.
1127 1840 1159 1866 de
1181 1841 1316 1872 Augus-ta.
1360 1840 1502 1867 Conradus
1525 1842 1585 1875 pbr.
1609 1841 1637 1867 in
1658 1843 1792 1869 Mic-haffl-

498 1881 592 1907 bet'irn.
631 1881 719 1908 Maria.
739 1881 891 1908 Catharina
910 1891 961 1908 sor.
980 1882 1007 1907 la
1025 1882 1053 1908 in
1073 1883 1288 1910 Hochenwarth.
1327 1883 1457 1913 Quirinus
1477 1884 1536 1917 pbr.
1551 1884 1579 1910 in
1600 1885 1792 1912 Nideraltach.

449 1923 499 1950 Ob.
519 1924 675 1957 Leopoldus
694 1924 825 1956 marchio,
847 1924 978 1951 Ottokari
999 1925 1081 1958 primi
1100 1925 1254 1951 fundatoris
1275 1926 1299 1951 ni
1318 1926 1435 1958 filius.*⁰)
1473 1927 1606 1953 Henricus
1625 1928 1658 1954 de
1673 1928 1792 1958 Walsee,

499 1967 661 1993 benefactor
680 1977 705 1993 u.
737 1967 874 1993 Martinus
888 1968 920 1994 de
934 1968 1054 1998 Mellico,
1074 1969 1235 1995 Ambrosius
1250 1969 1283 1995 de
1296 1969 1398 1995 Altach
1412 1969 1552 2003 Superiori
1571 1970 1639 2003 pbri.
1671 1970 1792 1997 Thomas

499 2010 532 2036 de
554 2010 706 2042 Lambaeo,
730 2010 861 2036 Albertus
885 2011 918 2037 de
943 2011 1021 2037 Cella
1041 2011 1146 2037 Mariae
1170 2012 1238 2046 pbri.
1276 2012 1379 2038 Paulus
1403 2021 1443 2038 cv.
1463 2013 1496 2039 de
1515 2013 1618 2039 Altach
1641 2013 1791 2047 Superiori.

498 2053 628 2079 Placidus
654 2053 714 2087 pbr.
734 2053 762 2079 iu
783 2053 945 2087 Tegernsee.
984 2054 1117 2080 Heni-icus
1141 2054 1200 2088 pbr.
1220 2054 1253 2081 de
1273 2055 1516 2089 Closternenburg.
1553 2055 1656 2081 Paulus
1679 2056 1739 2089 pbr.
1759 2056 1792 2082 de

497 2096 718 2122 Cremsminster.
749 2096 885 2122 Achatius
905 2097 966 2130 pbr.
981 2097 1009 2122 in
1030 2097 1272 2124 Raittenhaslach.
1309 2097 1458 2124 Mauritius
1478 2098 1537 2131 pbr.
1557 2099 1660 2124 Altach
1682 2099 1792 2125 Inferio-

496 2139 540 2165 ris.
577 2139 719 2165 Marianus
740 2139 800 2173 pbr.
815 2139 1018 2173 Prifliugensis.
1055 2140 1214 2166 Leonardus
1233 2141 1293 2174 pbr.
1308 2141 1511 2167 Adniontensis.

448 2181 499 2208 Ob.
515 2183 630 2209 Ioannes
650 2183 683 2209 de
698 2182 771 2214 Hali,
791 2183 953 2209 benefactor
971 2192 997 2209 n.
1010 2192 1031 2209 c.
1064 2184 1160 2210 Petrus
1179 2184 1212 2210 de
1225 2184 1329 2210 Altach
1345 2184 1479 2214 inferiori,
1499 2185 1615 2211 Ioannes
1633 2185 1666 2211 (16
1680 2184 1791 2210 Mellico

498 2225 567 2259 pbri.
604 2225 798 2259 sigismundus
817 2228 845 2252 et
859 2225 1020 2259 Stephanus
1040 2226 1099 2259 pbri
1114 2227 1146 2253 de
1161 2227 1309 2252 Lambach.
1342 2227 1488 2253 Udalricus
1507 2227 1567 2261 pbr.
1581 2227 1615 2253 (16
1628 2227 1790 2253 Ratisboua.

497 2269 637 2294 Erhardus
651 2277 708 2295 acc.
722 2268 755 2295 de
770 2268 889 2295 Mellico.
921 2269 1056 2303 Georgius
1070 2269 1146 2302 prior
1160 2269 1192 2296 (16
1207 2270 1276 2296 Attl.
1308 2271 1339 2296 D.
1354 2271 1497 2304 oerungus
1517 2270 1579 2296 abb.
1594 2279 1618 2296 n.
1633 2271 1692 2303 c.²¹)
1725 2270 1791 2296 Sara

496 2312 574 2345 profu
593 2311 622 2337 in
641 2311 784 2345 Nunberg.
824 2311 959 2346 Georgius
979 2313 1038 2346 pbr.
1054 2312 1080 2338 in
1100 2312 1221 2346 Polling.
1259 2313 1398 2339 Erhardus
1418 2313 1478 2346 pbr.
1492 2313 1519 2339 in
1534 2313 1637 2339 Altach
1657 2313 1791 2340 inferiori.

450 2354 500 2380 Ob.
520 2354 586 2380 Otto
607 2354 784 2388 Kersperger,
809 2355 970 2382 benefactor
993 2365 1018 2382 n.
1056 2356 1190 2389 Georgius
1214 2358 1242 2382 et
1261 2357 1378 2383 Ioannes
1403 2357 1463 2390 pbri
1483 2356 1516 2382 de
1535 2356 1655 2382 Mellico.
1696 2356 1791 2382 Hiero-

496 2406 593 2429 nymus
620 2396 678 2430 pbr.
700 2397 732 2422 de
753 2397 972 2424 Cremsmiuster.
1009 2398 1157 2427 Sebaldus,
1182 2399 1355 2427 Ambrosius.
1380 2399 1595 2432 Christophorus
1614 2399 1683 2432 pbri.
1706 2399 1790 2425 Bene-

497 2439 588 2466 dictus
608 2439 744 2466 subdiac..
769 2440 875 2471 Sixtus,
896 2441 1010 2471 Paulus,
1034 2440 1216 2467 Sebastianus
1236 2443 1307 2468 novii
1326 2451 1351 2468 n.
1367 2451 1388 2468 c.
1432 2443 1462 2467 D.
1476 2442 1633 2468 Alexander
1651 2442 1789 2474 quondam

497 2491 523 2508 n.
539 2491 570 2511 0..
591 2484 689 2516 postea
704 2482 733 2508 in
748 2482 958 2509 Cremsminster
977 2484 1076 2515 abbst‘ss)
1108 2484 1253 2510 Udalricus
1273 2485 1306 2511 de
1324 2485 1355 2511 S0
1376 2485 1557 2511 Eunneramo.
1596 2485 1711 2511 Ioannes
1730 2485 1790 2518 pbr.

241 2578 260 2607 ¹)
286 2576 330 2603 Ob.
344 2586 368 2603 (ι.
381 2580 453 2604 1700.
549 2578 569 2609 2)
591 2577 756 2609 01),(ι.16ἶ6,
775 2577 829 2603 dies
849 2578 918 2603 varie
937 2578 1064 2604 traditur.
1163 2582 1182 2608 ³]
1204 2579 1239 2605 H.
1253 2588 1279 2605 oz.
1292 2579 1341 2611 IL,
1360 2580 1398 2606 ob.
1413 2583 1521 2606 a.1634.
1614 2581 1634 2611 ⁴>
1655 2578 1691 2604 H.
1705 2587 1732 2603 η.
1750 2578 1788 2609 1’.,

136 2617 174 2645 ob.
192 2627 216 2645 α.
229 2623 301 2645 1446.

434 2622 455 2652 5)
476 2620 521 2646 Ob.
534 2629 559 2647 a.
572 2624 638 2646 1521.
768 2622 787 2652 θ’)
809 2620 854 2646 Ob.
867 2624 965 2647 (1.1529
984 2621 1119 2653 (Nm-emh.
1131 2626 1169 2652 18,
1189 2622 1333 2654 Lindner).
1470 2624 1491 2655 ⁷)
1513 2622 1589 2648 erz‘.
1603 2622 1627 2647 Ῐι.
1641 2630 1668 2647 τι.
1679 2621 1728 2652 IL,
1749 2621 1787 2646 ob.

136 2664 246 2694 a.149.3‚
264 2662 319 2688 dies
337 2663 409 2688 varie
428 2663 553 2689 traditur.
655 2666 674 2696 Β)
697 2664 742 2690 Ob.
755 2672 779 2689 a.
792 2667 861 2689 1624.
963 2666 984 2696 ⁹)
1006 2664 1121 2698 Ob.post
1140 2669 1245 2691 ((1419.
1354 2667 1386 2697 1⁰)
1410 2665 1454 2691 Ob.
1468 2673 1493 2691 α.
1506 2668 1577 2691 1129.
1686 2665 1716 2696 ¹¹)
1741 2663 1787 2689 Ob.

131 2706 195 2735 post
214 2712 238 2729 α.
251 2707 321 2731 1258.

429 2706 461 2737 ¹²)
484 2705 529 2732 Ob.
543 2709 650 2738 a.1613,
670 2706 725 2732 dies
745 2706 814 2732 varie
834 2705 960 2732 traditur.
