2054 2948
227 103 265 132 76

279 184 333 215 JV.
348 183 384 209 id.

286 440 334 466 111.
348 438 384 464 id.

300 696 334 721 Π.
348 694 384 720 id.

348 950 383 976 id.

263 1165 335 1191 XVI.
349 1164 404 1190 kal.

278 1337 338 1363 XV.
352 1336 408 1362 kal.

266 1595 338 1621 xlv.
352 1595 407 1620 kal.

268 1766 341 1792 XIII.
356 1765 410 1791 kal.

282 1980 343 2005 XII.
357 1979 412 2005 kal.

300 2275 346 2301 XI.
360 2275 415 2301 kal.

450 184 490 208 10.

450 439 490 464 11.

451 693 490 718 12.

451 949 490 975 13.

451 1163 491 1188 14.

454 1335 494 1361 15.

456 1593 494 1620 16.

458 1765 496 1790 17.

459 1978 498 2005 18.

463 2276 502 2301 19.

819 91 1002 119 DIOECESIS
1021 90 1086 117 PAS
1092 89 1282 118 SAVIENSIS.

538 180 694 215 Leopoldus
713 179 800 211 abb.¹)
838 178 975 209 Albertus,
996 176 1159 203 Gebhardus
1178 174 1237 209 pbri
1259 176 1287 201 et
1306 174 1350 200 mi.
1387 173 1442 207 [Fr.
1458 172 1598 199 Conradus
1616 181 1642 199 n.
1658 181 1680 198 c.
1718 172 1746 197 P.
1762 172 1878 198 Ioannes

587 223 668 249 Witt.
706 222 863 255 Stephanus
882 229 940 247 acc.
977 219 1125 245 Udalricus
1144 227 1184 244 cv.
1222 216 1385 244 Gebhardus
1405 224 1473 242 corn.
1509 214 1646 241 Martinus
1664 223 1705 241 CV.
1718 214 1747 240 in
1762 214 1877 240 Nieder-

586 265 700 292 altaich.
742 264 771 290 P.
789 264 905 290 Ioannes
924 262 1003 288 Harr.
1044 261 1075 287 D.
1094 260 1216 286 Michael
1242 260 1306 286 abb.
1326 259 1354 285 in
1378 258 1563 292 Privening.²)
1606 258 1722 284 Ioannes
1747 256 1823 290 prior
1848 256 1877 282 in

585 308 706 334 Monsee.
742 306 918 333 Eberhardus
938 305 990 330 vic.
1008 304 1035 330 in
1056 303 1177 329 Minster.
1218 302 1262 328 Fr.
1277 303 1393 328 Ioannes
1412 300 1522 327 Sehroff
1539 300 1567 326 in
1587 300 1748 326 Formbaeh.
1791 300 1876 326 Bene-

586 351 677 376 dictus
704 349 819 375 Lechler
843 348 919 382 prior
943 346 1165 374 cremifanensis.
1209 345 1236 371 P.
1255 345 1422 378 Rempertus
1446 343 1560 370 Molitor
1582 343 1686 369 Montis
1713 343 1733 367 si
1756 342 1877 376 Georgii.

586 393 676 419 Maria
696 392 839 417 Amiliana
859 389 999 416 Riedlerin
1017 389 1126 415 sinonlis
1145 388 1172 414 in
1193 387 1344 414 Chiemsee.
1381 386 1411 413 P.
1424 385 1586 412 Francisous
1605 384 1706 419 Kosel]

537 436 614 462 Pabo
633 444 659 461 n.
674 444 744 461 c.1n.
782 433 946 460 Godefridus
965 441 999 457 m.
1036 433 1135 464 Geppa
1154 430 1232 457 abba.
1269 430 1298 455 P.
1313 429 1433 455 Thomas
1452 438 1479 455 n.
1493 438 1514 455 c.
1552 428 1581 455 P.
1596 428 1761 455 Benedictus
1776 427 1878 454 Montis

588 479 608 504 si
623 477 743 511 Georgii.
780 475 914 510 Georgius
929 474 1092 507 Pleiburger
1112 482 1152 500 cv.
1167 474 1202 499 ad
1217 473 1275 499 811111
1288 473 1409 499 Petrum.
1448 472 1478 497 D.
1492 472 1621 497 Erasmus
1636 479 1712 505 ppos.
1727 471 1755 496 in
1769 470 1878 496 chiem-

585 522 662 554 sec.³)
699 519 834 553 Georgius
854 518 942 545 Pader
967 518 1026 551 pbr.
1046 520 1074 543 et
1096 526 1156 543 can.
1175 516 1204 542 in
1223 515 1433 549 Reichersperg.
1470 515 1500 541 P.
1519 514 1673 540 Buroardus
1693 513 1814 539 Altahae
1833 513 1876 538 In-

587 563 702 590 ferioris.
751 561 874 587 Hilarius
897 560 1032 594 Engesser
1054 559 1130 593 prior
1153 560 1178 584 Si
1199 558 1282 585 Petri.
1326 558 1356 584 P.
1374 557 1546 591 Augustinus
1566 556 1749 590 Wendlinger
1773 555 1878 582 ibidem

585 606 654 639 prof.
692 604 821 631 Placidus
841 604 913 629 Norz
933 605 961 629 et
979 602 1095 628 Iacobus
1116 602 1184 628 Hett
1205 601 1263 635 pbri
1284 602 1312 627 et
1330 601 1365 626 mi
1385 600 1488 626 Montis
1505 601 1525 625 si
1542 599 1663 633 Georgii.
1702 597 1878 632 P.Aegi‹1ius

587 647 784 682 Langhamber
802 646 830 672 in
850 645 955 678 ZwetL]

537 690 721 717 wolfhardus
747 689 806 722 pbr.
827 690 856 714 et
881 697 915 713 m.
957 687 998 720 [P.
1017 687 1189 713 Gottswinus
1216 688 1244 712 et
1264 686 1415 712 Reinoldus
1438 687 1480 712 cvi
1499 695 1525 712 n.
1545 694 1566 711 e.
1610 685 1772 712 Adelheidis
1795 690 1880 710 com³.

588 733 618 758 P.
629 731 799 758 Benedictus
812 730 903 757 senior
916 729 1037 756 Altahae
1051 728 1215 763 Superioris.
1247 729 1275 755 P.
1288 729 1448 763 Stephanus
1461 728 1490 754 in
1502 728 1726 755 Seittenstetten.
1758 727 1879 753 Christo-

589 775 691 809 phorus
705 774 864 807 Kiieberger
877 775 906 799 et
919 772 1100 798 Sebastianus
1114 772 1236 798 Hassner
1249 772 1310 805 pbri
1323 774 1352 799 et
1365 771 1425 798 cani
1439 771 1467 797 in
1478 771 1688 805 Reichersperg.
1719 770 1880 796 Matthaeus

588 817 747 843 Grienwald
773 818 802 842 et
825 816 948 842 Andreas
974 815 1083 841 Hueber
1107 815 1166 848 pbri
1187 817 1214 841 et
1239 815 1273 841 mi
1292 814 1322 841 in
1342 815 1418 841 Rott.
1455 814 1641 848 Wolfgangus
1659 813 1789 840 Mol-than
1812 822 1837 839 n.
1857 822 1880 838 c.

588 860 649 894 pbr.
663 862 689 886 et
711 868 745 885 m.
783 859 811 885 P.
827 857 963 884 Antonius
983 859 1081 884 Sauter
1107 857 1328 884 Cremifanensis.
1371 857 1399 883 P.
1415 856 1553 890 Casparus
1573 856 1741 890 Burgweger
1763 855 1791 881 in
1811 855 1881 881 Attl.

590 903 740 930 Casimirus
760 902 906 936 Dollinger
925 901 985 935 pbr.
999 903 1028 928 et
1046 911 1081 927 m.
1096 901 1124 926 in
1145 901 1386 934 Benedietpeiirn.]

546 947 661 973 Iacobus
681 947 754 972 Auer
773 946 798 971 ni
819 945 899 971 mon*i
918 945 1004 976 abb.⁴)
1040 944 1223 977 Marquardus
1243 943 1327 977 Lapis
1346 953 1387 970 CV.
1401 952 1426 969 n.
1465 943 1633 970 Benedictus
1652 942 1740 973 abb.¹)
1780 941 1881 967 Paulus

589 989 710 1015 Frueauf
727 989 786 1022 pbr.
801 990 829 1015 et
847 997 882 1013 m.
896 988 932 1014 ad
945 987 1001 1014 Sum
1016 987 1138 1013 Petrum.
1175 986 1214 1020 [P.
1229 986 1369 1013 Nirardus
1382 986 1589 1013 Ger-stenbrand
1608 988 1637 1012 et
1655 986 1686 1011 fr.
1699 984 1881 1011 Sebastianus

587 1033 684 1058 Plazer
703 1033 737 1057 mi
757 1031 785 1057 in
805 1031 921 1057 Zwethl.
961 1031 987 1056 P.
1003 1029 1176 1056 Caelestinus
1196 1029 1294 1056 Probst
1313 1029 1341 1055 in
1355 1029 1449 1055 Monte
1462 1029 1565 1055 Sancto
1579 1028 1683 1055 Andex.
1721 1028 1749 1054 P.
1763 1028 1881 1061 Magnus

586 1075 744 1107 Grabmajr,
769 1074 830 1108 pbr.
845 1076 873 1100 et
892 1083 927 1099 in.
966 1073 994 1099 P.
1008 1073 1162 1099 Hermanus
1181 1072 1291 1098 Schiele
1312 1081 1371 1098 can.
1390 1072 1418 1097 in
1438 1071 1600 1105 Windberg.
1638 1071 1666 1096 P.
1681 1071 1793 1097 Maurus
1812 1070 1883 1096 Eder

590 1127 624 1143 m.
637 1118 666 1143 in
685 1117 823 1150 Garsten.]

538 1162 653 1187 Ioannes
673 1160 732 1194 pbr.
746 1161 775 1186 et
789 1160 954 1185 Altmannus
974 1168 998 1184 n.
1013 1168 1035 1184 c.
1051 1158 1101 1184 cvi.
1139 1157 1290 1183 Henericus
1303 1157 1363 1191 pbr.
1377 1158 1403 1183 et
1418 1166 1452 1183 m.
1491 1156 1678 1183 Theodericus
1692 1166 1726 1182 m.
1764 1156 1804 1189 [P.
1816 1156 1881 1182 Gre-

589 1203 683 1237 gorius
707 1203 734 1228 iu
753 1202 917 1229 Formbach.
960 1201 988 1227 P.
1006 1201 1132 1227 Urbanus
1156 1201 1189 1227 de
1210 1200 1387 1226 Arnoldstein
1406 1202 1434 1226 et
1452 1201 1484 1226 fr.
1499 1199 1632 1226 Silvester
1651 1199 1822 1226 Bairhueber
1846 1200 1881 1225 mi

591 1247 816 1273 Cremifanenses.
854 1245 884 1271 P.
899 1243 1048 1277 Dionysius
1068 1243 1095 1269 in
1115 1244 1297 1277 Alderspach.
1334 1243 1365 1269 D.
1380 1243 1506 1269 Kilianus
1526 1243 1589 1269 abb.
1604 1243 1640 1268 ad
1659 1242 1715 1268 811111
1736 1242 1881 1275 Pet1·uu1.⁵)

590 1290 707 1315 Ioannes
727 1289 787 1322 pbr.
802 1291 830 1314 et
850 1297 885 1314 m.
922 1288 1003 1312 Anna
1016 1286 1188 1312 Elisabetha.
1225 1287 1318 1319 Agnes
1332 1285 1365 1312 de
1378 1285 1544 1319 Haunsperg
1557 1285 1664 1311 smonlis
1678 1285 1707 1310 in
1721 1284 1883 1319 chiemsee]

542 1334 620 1367 Eppo
644 1332 703 1365 pbr.
725 1334 753 1357 et
776 1340 810 1357 m.
856 1330 1006 1356 Henericus
1028 1338 1097 1355 com.
1117 1330 1150 1355 de
1176 1329 1356 1362 Orttenburg.
1394 1328 1580 1362 Wolfgangus
1605 1328 1668 1354 abb.
1689 1328 1717 1354 in
1742 1328 1883 1359 Metten.⁶)

591 1374 726 1409 Georgius
746 1374 809 1400 abb.
824 1374 851 1399 in
868 1373 967 1403 R-ott.⁷)
1006 1372 1046 1406 [P.
1061 1371 1195 1406 Georgius
1208 1371 1353 1398 Schnoller
1372 1380 1432 1397 can.
1447 1371 1475 1396 in
1489 1370 1669 1397 osterhoven.
1707 1371 1815 1397 salome
1836 1375 1884 1397 cva

591 1418 617 1443 in
637 1417 824 1450 Nidernburg.
862 1416 904 1442 Fr.
924 1415 1061 1448 Casparus
1085 1414 1112 1440 in
1136 1414 1378 1441 Raittenhaslach.
1416 1414 1566 1447 Philippus
1585 1413 1742 1441 Schoserer.
1770 1413 1885 1439 Baltha-

592 1471 669 1488 sarus
688 1462 757 1488 Gari·
775 1460 836 1495 pbri
856 1462 884 1486 et
903 1460 963 1486 cani
982 1459 1010 1485 in
1021 1459 1184 1492 Windberg.
1222 1458 1402 1492 Engelmarus
1415 1457 1495 1490 Mayr
1513 1465 1554 1483 cv,
1568 1456 1680 1483 ibidem.
1718 1456 1884 1482 Benedictus

591 1505 706 1531 Molitor
732 1504 792 1538 pbr.
813 1506 841 1529 et
864 1512 900 1529 m.
920 1502 948 1528 in
969 1502 1134 1535 Altenburg.
1178 1501 1204 1526 P.
1224 1501 1318 1527 Benno
1342 1500 1406 1526 Rerl
1429 1502 1457 1526 et
1482 1500 1514 1525 fr.
1533 1500 1650 1532 Prosper
1672 1499 1831 1525 Eisenreich
1856 1499 1885 1525 in

594 1546 871 1580 Weichenstephan.]

540 1591 678 1618 Martinus
697 1591 760 1617 abb.
780 1591 809 1616 in
828 1590 962 1620 Gleink.⁸)
1000 1588 1121 1614 Michael
1142 1588 1200 1621 pbr.
1220 1589 1247 1612 et
1268 1596 1301 1612 m.
1316 1586 1344 1612 in
1364 1586 1463 1612 Beurn.
1502 1586 1657 1612 Leonardus
1678 1594 1754 1619 ppos
1773 1585 1808 1611 ad
1828 1585 1884 1611 Sum

593 1634 772 1665 Nicolaum.⁹)
808 1632 974 1666 Magdalena
987 1630 1186 1657 Talhamberiu
1200 1638 1251 1656 sor.
1263 1635 1302 1655 ηδ.
1331 1629 1372 1663 [Ρ.
1384 1628 1572 1655 columbanus
1585 1629 1612 1654 in
1626 1628 1756 1661 Scheyrn.
1789 1627 1885 1654 Gallus

593 1676 794 1707 SchabensokL
825 1675 945 1709 Angelus
965 1673 1162 1707 Engelscha1k‚
1185 1672 1400 1706 Christophorus
1420 1672 1521 1698 Prandl
1541 1672 1602 1705 pbri
1621 1674 1649 1698 et
1669 1672 1728 1697 cani
1747 1671 1775 1697 in
1794 1671 1885 1697 Nova-

594 1720 674 1746 cella.
711 1719 886 1745 Erminoldus
905 1717 1026 1744 Seiibeth
1047 1717 1106 1750 pbr.
1122 1718 1150 1742 et
1169 1725 1203 1742 m.
1218 1715 1246 1741 in
1267 1715 1444 1749 Priivening.]

544 1763 598 1789 Uto
618 1772 651 1789 m.
672 1765 701 1789 et
718 1761 883 1788 [rminoldus
903 1761 943 1787 cvi
962 1770 987 1786 n.
1001 1769 1023 1786 c.
1061 1759 1266 1793 Engelschacus
1288 1760 1389 1792 ppos¹)
1426 1757 1643 1791 Christophorus
1662 1757 1732 1784 diac.
1748 1757 1776 1783 in
1796 1757 1886 1783 Form-

593 1805 674 1831 bach.
710 1805 804 1830 Halka
823 1812 874 1830 sor.
893 1809 932 1829 na.
971 1803 1011 1836 [P.
1030 1802 1149 1828 Michael
1170 1802 1198 1827 in
1218 1802 1343 1828 Garsten.
1382 1802 1410 1827 P.
1430 1802 1544 1827 Ioannes
1564 1800 1727 1827 Kranwider
1745 1810 1770 1826 n.
1788 1809 1811 1826 c.
1848 1800 1887 1826 Io-

595 1849 701 1875 hannes
720 1848 780 1882 pbr.
795 1850 822 1874 et
837 1856 872 1873 m.
883 1847 910 1872 in
926 1847 1024 1879 Beyrn.
1055 1845 1236 1871 Sebastianus
1250 1844 1333 1870 Pantl
1349 1853 1408 1870 can.
1423 1844 1458 1870 ad
1472 1844 1572 1870 Divum
1586 1843 1742 1869 Nicolaum.
1774 1843 1806 1870 D.
1817 1843 1888 1869 Mar-

597 1892 670 1917 tinus
694 1890 808 1917 Kellner
831 1890 895 1917 abb.
914 1889 941 1915 in
962 1889 1068 1921 Attw)
1112 1888 1243 1914 Rabanus
1263 1887 1463 1914 Schelleuwalt
1486 1887 1545 1920 pbr.
1566 1889 1595 1913 et
1620 1896 1653 1912 m.
1674 1886 1702 1912 in
1723 1886 1887 1919 Altenburg.

595 1935 625 1960 P.
641 1934 763 1960 Iulianus
782 1933 844 1959 Nuz
863 1933 891 1958 in
911 1931 1072 1965 Lambach]

544 1977 680 2010 Georgius
699 1977 759 2010 pbr.
774 1978 802 2002 et
815 1985 850 2001 m.
883 1975 1068 2009 Wolfgangus
1082 1973 1285 2007 Hocholtinger
1304 1973 1364 2006 pbr.
1378 1974 1406 1998 et
1420 1981 1479 1998 ean.
1493 1972 1520 1998 in
1534 1972 1744 2005 Reichersperg.
1777 1970 1816 2004 [P.
1827 1971 1888 1996 Vir-

596 2019 681 2054 gilius
701 2020 735 2045 ad
750 2019 805 2045 811111
820 2019 978 2052 Georgium.
1017 2017 1137 2043 Michael
1151 2016 1335 2050 Schlipfinger
1354 2016 1412 2042 dec.
1431 2015 1467 2042 ad
1480 2016 1537 2041 Sum
1550 2015 1692 2042 Zenonem.
1732 2015 1760 2041 P.
1775 2014 1888 2040 Bernar-

596 2063 645 2088 dus
669 2062 807 2088 Steinmez
833 2063 861 2087 et
883 2071 910 2095 p.
932 2060 1147 2094 Christophorus
1167 2060 1291 2086 Venator
1317 2058 1422 2092 priores
1445 2059 1480 2084 acl
1505 2058 1560 2084 Sum
1582 2057 1684 2084 Vitum.
1732 2058 1757 2082 P.
1775 2057 1889 2083 loannes

596 2105 671 2131 Sterz
691 2114 716 2130 n.
732 2114 753 2131 e.
791 2104 821 2130 D.
836 2105 959 2130 Andreas
980 2103 1052 2129 Wilt
1074 2103 1137 2128 abb.
1157 2102 1185 2128 in
1205 2101 1345 2135 Superiori
1366 2101 1524 2133 Altaich.¹¹)
1562 2100 1591 2126 P.
1608 2100 1789 2127 Sebastianus
1809 2100 1887 2125 Mork

597 2148 631 2173 ad
655 2148 751 2173 Scotos
772 2147 904 2173 Viennae.
948 2147 1057 2172 Ruffina
1082 2145 1191 2178 Mayriu
1214 2145 1321 2171 smonlis
1345 2144 1372 2170 in
1399 2143 1584 2177 Niclernburg.
1626 2143 1740 2169 Iodocus
1760 2143 1888 2168 Clasman

598 2191 656 2223 pbr.
674 2193 702 2216 et
722 2200 755 2216 m.
775 2190 801 2215 in
822 2190 1045 2216 Seittenstetten.
1085 2190 1163 2214 Anna.
1183 2187 1303 2213 Prandin
1323 2192 1371 2213 cva
1390 2187 1418 2212 in
1438 2186 1587 2213 Chiemsee.
1627 2186 1658 2212 D.
1672 2185 1888 2219 Christophorus

598 2233 699 2266 Dimpfl
719 2233 781 2259 abb.
796 2232 823 2258 iu
844 2232 1061 2264 Osterhoven.¹²)
1099 2231 1129 2258 P.
1142 2230 1245 2256 Fidelis
1265 2230 1325 2256 Friz
1344 2230 1372 2255 in
1391 2229 1625 2262 Seittenstetten.]

549 2275 645 2301 Petrus
670 2284 725 2308 eps.
746 2275 978 2305 Passaviensis.¹³)
1016 2274 1175 2300 Leutwinus
1195 2283 1229 2299 m.
1267 2272 1417 2299 Henericus
1435 2281 1460 2298 n.
1475 2281 1497 2298 c.
1512 2281 1553 2298 cr.
1591 2271 1805 2305 Christophorus
1829 2270 1890 2296 sub-

597 2318 667 2343 diac.
686 2318 713 2343 in
734 2318 941 2351 Reichersperg.
978 2317 1098 2343 Lazarus
1122 2319 1150 2342 et
1169 2315 1305 2349 Georgius
1324 2316 1385 2349 pbri
1405 2316 1433 2341 et
1452 2315 1488 2340 mi
1507 2315 1536 2340 in
1555 2314 1736 2347 Alderspach.
1774 2313 1814 2347 [P.
1830 2313 1889 2338 Pla-

599 2361 676 2386 cidus
703 2361 792 2386 Forstl
824 2361 851 2386 in
876 2360 1006 2393 Scheyrn.
1050 2359 1079 2385 P.
1100 2360 1215 2385 Ioannes
1238 2358 1338 2385 Drexel
1365 2358 1401 2384 ad
1426 2358 1482 2383 Sum
1506 2357 1662 2390 Georgium.
1705 2357 1890 2390 wolfgangus

600 2403 710 2429 Hueber
729 2403 804 2436 prior
824 2403 943 2430 Altahae
964 2402 1113 2429 Inferioris.
1150 2401 1332 2428 Sebastianus
1351 2400 1477 2427 Diinckel
1497 2401 1555 2434 pbr.
1574 2402 1603 2426 et
1622 2409 1656 2425 m.
1678 2399 1706 2425 iu
1726 2399 1889 2432 Ebersperg.

600 2446 687 2471 Maria
709 2446 808 2472 lacobe
830 2445 1029 2471 Hirnschletlin
1056 2445 1163 2471 :alnonlis
1187 2445 1215 2470 in
1235 2444 1385 2470 chiemsee.
1423 2443 1537 2469 Carolus
1555 2442 1678 2468 Horma-n
1701 2442 1760 2475 pbr.
1778 2443 1807 2468 et
1830 2450 1890 2468 can.

601 2488 628 2513 in
650 2489 859 2522 Reichersperg.
896 2488 1061 2514 Elisabetha
1081 2487 1260 2521 Hildegardis
1280 2486 1398 2512 Elslerin
1417 2486 1524 2512 smonlis
1543 2486 1571 2511 in
1591 2485 1788 2519 Nidernburg.]

348 2576 365 2600 ¹»
386 2573 430 2598 Ad
447 2581 522 2605 quem
538 2574 679 2606 pertineat,
697 2582 750 2599 rnon
771 2577 883 2600 constat.
974 2577 993 2601 ²)
1015 2574 1059 2600 Ob.
1073 2583 1098 2600 α,
1113 2578 1183 2605 1529,
1202 2574 1246 2600 sed
1261 2574 1323 2599 Ian.
1340 2572 1386 2599 10?
1475 2573 1495 2603 ³)
1516 2572 1648 2597 Erasmus
1661 2571 1711 2603 II..
1731 2572 1768 2598 ob.
1782 2580 1807 2597 α.
1823 2575 1889 2597 1579.

244 2619 263 2649 ⁴)
287 2616 332 2642 Ob.
347 2626 370 2641 a.
385 2618 457 2642 1434.

243 2661 263 2692 ⁸)
284 2659 327 2685 Ob.
341 2668 366 2684 ιι,
379 2659 479 2684 1ι’)ισεηνέο
493 2662 554 2691 post
574 2663 640 2685 1466.
736 2661 756 2690 ¹³)
781 2659 824 2685 Ob.
839 2669 862 2685 α.
878 2664 947 2686 1489.
1044 2663 1075 2691 ¹⁰)
1095 2660 1140 2686 Ob.
1154 2669 1179 2685 α.
1195 2664 1269 2686 1646.
1367 2660 1399 2690 ¹¹)
1420 2658 1464 2684 Ob.
1477 2666 1502 2683 a.
1517 2661 1584 2684 1553.
1676 2659 1708 2689 ¹²)
1730 2657 1890 2684 Ob.a.167·.›.

244 2703 277 2735 ¹³)
301 2702 345 2727 Ob.
360 2710 384 2727 a.
400 2704 473 2733 1280,
492 2701 521 2727 de
539 2701 581 2727 die
601 2702 684 2727 obitus
704 2702 873 2728 dissentiunt.

564 2617 583 2649 ⁵)
604 2617 689 2648 Aquis
707 2617 853 2642 submersus
871 2626 895 2642 (ι.
912 2622 984 2643 1535.
1093 2620 1113 2649 ⁶)
1140 2617 1320 2651 lVoIs'ycz‘nyus
1339 2616 1391 2647 11„
1417 2616 1456 2641 ob.
1470 2624 1494 2641 a.
1509 2618 1574 2641 1535.
1682 2615 1702 2646 ⁷)
1724 2615 1768 2641 Ob.
1783 2623 1807 2641 α.
1823 2618 1890 2640 1595.
