2054 2948
285 102 345 132 162

314 273 389 299 XllI.
403 273 457 299 kal.
504 273 544 299 20.

329 537 391 563 XII.
405 536 459 563 kal.
503 537 544 562 21.

341 850 387 876 XI.
401 849 456 875 kal.
501 850 542 875 22.

352 1123 386 1149 X.
400 1122 456 1149 kal.
501 1122 544 1148 23.

344 1345 390 1372 IX.
405 1345 460 1371 kal.
507 1345 548 1370 24.

318 1635 390 1661 VIII.
405 1635 459 1661 kal.
504 1635 545 1661 25.

330 1856 388 1882 VIl.
402 1856 458 1883 kal.
502 1856 544 1882 26.

351 2081 395 2107 VI.
409 2081 466 2107 kal.
506 2081 547 2108 27.

359 2307 391 2332 V.
406 2306 461 2332 kal.
506 2305 546 2332 28.

874 96 1059 123 DIOECESIS
1078 95 1337 122 PASSAVIENSIS.

643 183 684 208 Fr.
699 182 802 208 Paulus
821 182 911 208 senior
930 181 957 207 in
977 181 1095 208 Mensee.
1130 180 1174 207 Fr.
1189 181 1285 207 Petrus
1305 181 1364 214 pbr.
1384 182 1413 207 et
1436 189 1471 206 m.
1489 180 1602 208 ibidem.
1638 182 1671 208 D.
1685 181 1854 208 Laurencius
1872 182 1934 216 pbr.

642 226 671 251 ct
689 233 748 251 can.
762 224 791 250 in
806 223 992 258 Wittingaw.]

591 268 773 309 Stephanus
803 267 872 308 pbr.
897 270 929 298 et
959 277 1027 298 can.
1051 266 1081 297 h.
1104 265 1205 297 ecolie.
1250 269 1400 296 Hainricus
1423 269 1485 303 pbr.
1506 271 1536 296 et
1559 278 1619 297 can.
1640 271 1674 297 de
1697 271 1730 297 S⁰
1745 272 1863 305 Ypolito
1887 273 1933 299 ob.

642 318 806 345 Chunradus
825 316 880 344 G&
899 326 957 343 cau.
976 319 1003 343 et
1022 325 1079 343 aec.
1098 316 1134 342 ad
1153 316 1209 341 Sum
1229 315 1384 349 Ypolitum.
1421 314 1580 349 Stephanus
1599 324 1657 343 acc.
1675 316 1787 344 ibidem.
1824 318 1934 345 Uh-icus

642 370 699 388 acc.
713 361 825 387 ibidem.
861 360 893 386 D.
907 359 1021 386 Georius
1041 359 1100 393 pbr.
1119 361 1147 385 et
1166 367 1226 384 can.
1243 358 1355 384 ibidem.
1394 358 1435 391 [D.
1450 358 1584 385 Iohannes
1603 359 1779 393 Hachmayer
1797 361 1887 387 senior
1905 361 1934 388 h.

642 404 741 437 monn]
786 402 924 429 Martinus
947 402 1070 436 Toppler
1094 402 1154 435 pbr.
1175 402 1203 427 et
1231 409 1290 427 can.
1307 400 1488 426 Secoviensis.
1531 401 1739 434 [Fr.10hannes
1757 403 1935 438 Grimberger

643 446 816 480 Allerspach.
854 446 896 471 Fr.
910 444 1104 478 Sigismundus
1118 443 1268 476 Satlpoger
1287 451 1328 469 cv.
1343 442 1371 468 in
1386 442 1452 468 Alta
1468 442 1609 476 Superiori
1628 452 1678 470 nec
1697 453 1751 471 non
1771 445 1934 479 progenitus

643 488 820 521 nobilitatis]

589 531 763 573 Dy‘tmarus
788 534 820 562 et
842 531 1013 562 Hainricus
1044 529 1112 571 pbri
1136 533 1168 560 et
1193 529 1260 560 cani
1287 529 1328 560 de
1354 529 1390 560 S⁰
1407 529 1551 570 Ypolito.
1597 530 1736 562 Helicha
1758 531 1798 572 1⁵,
1828 543 1847 563 a
1872 544 1936 574 qua

640 582 796 614 habemus
817 584 856 613 80
871 587 892 618 ᾧ.
911 581 950 612 de
971 591 1082 612 mensa
1098 581 1190 621 panis
1206 581 1237 610 in
1254 580 1398 611 inferiori
1414 581 1502 613 urbe.
1542 586 1575 613 D.
1589 586 1710 613 Thomas
1725 587 1856 622 Erlinger
1871 589 1933 622 pbr.

642 632 750 659 laicalis
769 633 798 658 et
817 632 990 665 cappelanus
1008 631 1089 657 beate
1104 630 1236 664 Virginis.
1256 630 1305 663 qui
1323 631 1366 657 ob.
1380 631 1409 657 in
1424 632 1653 666 peregrinacione
1666 641 1708 660 ao.
1719 633 1933 666 (M⁰CCCC⁰)L0‚

639 674 687 708 qui
712 674 789 700 dedit
812 674 893 700 nobis
912 675 926 699 1
945 673 1112 707 peccarium.
1158 673 1190 698 D.
1205 672 1341 699 lohannes
1359 673 1555 708 Sybenburger
1573 674 1634 708 pbr.
1651 676 1680 701 et
1698 675 1768 708 prof.
1787 675 1815 701 in
1835 676 1933 702 Newn-

642 717 730 751 burga
744 716 904 743 Claustrali.
940 717 984 742 Fr.
999 715 1173 742 Cristofferus
1192 717 1220 741 et
1238 716 1270 741 fr.
1285 715 1407 742 Thomas
1426 717 1468 742 cvi
1481 717 1595 744 ibidem.
1631 717 1786 744 Scolastiea
1805 720 1834 745 et
1846 718 1935 746 Otilia

639 760 751 786 εῑιιοιιὶΕΒ
765 759 877 785 ibidem.
913 759 964 785 Ob.
980 759 1060 785 venlis
1074 759 1103 784 P.
1118 758 1149 784 D.
1163 758 1300 785 Iohannes
1316 758 1566 786 Fronttenhausser
1579 760 1649 794 prof.
1663 762 1692 787 et
1704 761 1795 787 senior
1807 761 1834 788 h.
1847 762 1936 793 monii,

642 802 722 828 cuius
741 801 836 828 anima
853 811 874 828 r.
888 801 905 828 i.
918 811 939 827 s.
953 811 979 835 p.
1017 802 1111 827 Amen.
1149 802 1197 827 Ao.
1211 801 1407 828 MCOCC9110.

588 844 796 876 Eberhardus
826 856 915 886 ppos.
947 845 1037 876 ecclie
1072 845 1375 886 Salczpurgensis.¹)
1444 845 1534 877 Otto
1572 846 1649 887 pbr.
1679 850 1716 877 et
1749 857 1826 878 can.
1855 847 1935 888 dea)

640 896 929 927 Ranshofensis.
975 896 1150 937 Rfigerus
1169 896 1388 927 Marstaller
1412 897 1515 928 fam³⁸
1538 909 1567 928 n.
1613 903 1645 928 D.
1659 901 1818 935 Stephanus
1831 902 1936 929 Toblar

640 955 699 973 can.
714 947 741 972 h.
754 947 836 973 eoelie
855 949 883 973 et
900 949 1063 980 procurator
1076 947 1150 973 curie
1169 952 1201 972 11⁹
1215 946 1243 972 in
1258 947 1409 973 Mauttarn.
1446 947 1478 973 D.
1490 948 1610 975 Thomas
1621 948 1731 982 Weyg1‚
1751 949 1783 974 D.
1797 949 1934 976 Iohannes

640 989 768 1015 Hofl'man
788 991 817 1016 et
836 990 866 1015 D.
880 990 1016 1016 Iohannes
1036 989 1169 1016 Breinner
1194 990 1254 1022 pbri
1274 991 1303 1015 et
1321 990 1389 1023 profi
1408 991 1488 1016 monii
1508 991 1535 1016 in
1555 991 1755 1018 Walthawsen.
1792 992 1873 1026 [Mgr.
1893 993 1934 1018 Io-

641 1041 726 1058 annes
747 1032 852 1058 Planck
876 1032 935 1066 pbr.
955 1034 983 1058 et
1007 1032 1082 1066 pleb.
1102 1032 1131 1057 in
1150 1032 1303 1066 Neuburga
1322 1032 1481 1059 Claustrali.
1522 1034 1553 1059 D.
1568 1034 1755 1068 Wolfgangus
1774 1034 1849 1061 Greil
1874 1035 1935 1068 pbr.

641 1076 669 1101 et
688 1074 818 1101 cellarius
838 1074 866 1100 in
887 1075 953 1101 Alta
973 1075 1133 1108 Superiori]

590 1118 777 1159 Leupoldus
802 1118 882 1149 diac.
900 1129 969 1149 can.
988 1118 1027 1149 de
1053 1117 1089 1149 S⁰
1106 1118 1267 1149 Floriano.
1313 1122 1454 1148 Amandus
1473 1122 1577 1148 Hfiutel
1597 1123 1656 1156 pbr.
1670 1125 1698 1150 et
1717 1132 1777 1150 can.
1791 1124 1819 1149 in
1833 1124 1934 1150 Berch-

641 1169 811 1202 toltzgaben.
853 1169 968 1195 Geor-ius
992 1168 1084 1194 dietus
1109 1168 1203 1194 Khern
1226 1177 1304 1202 ppos,
1323 1169 1352 1194 in
1373 1169 1637 1204 Reych(ersperg).2)
1679 1170 1851 1197 Hei-mannus
1874 1171 1935 1204 pbr.

639 1213 667 1237 et
690 1220 749 1238 ean.
769 1211 804 1237 ad
823 1211 879 1237 Sum
899 1211 1068 1237 Florianum.
1112 1211 1142 1237 D.
1158 1211 1326 1237 Oldabertus
1350 1211 1402 1244 pbr
1428 1213 1456 1237 et
1480 1220 1538 1238 can.
1559 1212 1595 1238 ad
1613 1212 1670 1238 Sum
1690 1212 1824 1239 Zenonem
1848 1213 1896 1239 cfr.
1909 1222 1935 1239 n.

641 1254 683 1288 [D.
697 1254 820 1281 Andreas
834 1254 951 1280 'Pranler
969 1254 1042 1288 pleb.
1057 1254 1085 1279 in
1099 1254 1297 1280 Harchirchen.
1329 1254 1360 1280 D.
1374 1254 1516 1280 Conradus
1529 1255 1701 1286 Stainacker,
1719 1255 1858 1288 quondam
1877 1256 1935 1283 dec.

639 1297 667 1322 in
687 1297 839 1331 Neuburga
859 1297 1019 1324 claustrali.
1056 1297 1087 1323 D.
1103 1297 1229 1322 Erasmus
1243 1297 1459 1323 Mawerkireher
1478 1297 1659 1324 beneficiatus
1678 1297 1706 1323 in
1720 1298 1935 1332 1udenburckh.]

594 1341 781 1382 Leupoldus
804 1341 873 1382 pbr.
896 1344 928 1372 et
951 1351 1019 1371 can.
1039 1341 1078 1371 de
1101 1341 1264 1371 Seecovia.
1311 1340 1483 1371 Hainricus
1508 1344 1615 1371 custos
1638 1340 1854 1381 Patavfflnsis,
1884 1341 1938 1382 qui

644 1392 735 1423 dedit
750 1393 842 1423 nobis
860 1395 869 1422 l
888 1397 919 1422 It.
935 1392 976 1423 ad
993 1392 1175 1422 intrandum
1193 1392 1356 1422 civitatem
1374 1402 1444 1422 cum
1462 1392 1668 1432 processione
1685 1391 1733 1422 bis
1749 1392 1781 1422 in
1797 1402 1879 1423 anno
1896 1392 1936 1423 de

643 1454 754 1475 mensa
771 1445 861 1485 panis
884 1445 916 1474 in
937 1443 1180 1484 Nydernburch.
1220 1443 1424 1474 Heinricus
1449 1443 1493 1473 de
1517 1443 1728 1474 Lantshfita
1751 1453 1836 1483 acc„
1859 1454 1934 1475 can.

642 1495 671 1525 h.
695 1495 814 1526 ecolie.
866 1495 1120 1526 Perchtoldus
1152 1494 1273 1525 dictus
1302 1493 1445 1524 Tfichel
1477 1504 1553 1525 can.
1576 1494 1603 1524 si
1632 1495 1674 1535 b).
1702 1520 1708 1526 .
1733 1519 1739 1525 .
1765 1519 1771 1525 .
1818 1499 1936 1526 Georius

644 1545 735 1571 dictus
762 1545 884 1572 Stelcza'u-
911 1545 968 1572 dec.
986 1546 1011 1572 h.
1030 1546 1110 1571 ecclie
1134 1546 1180 1571 cfr.
1198 1554 1223 1570 n.
1241 1544 1284 1570 ob.
1332 1544 1467 1571 Iohannes
1491 1545 1550 1578 pbr.
1573 1546 1602 1571 et
1626 1553 1685 1572 can.
1704 1544 1729 1571 Si
1747 1545 1870 1571 Floriani
1891 1546 1935 1572 ob.

643 1589 696 1622 [Fr.
710 1588 832 1614 Thomas
850 1589 910 1622 pbr.
925 1589 1005 1614 monii
1026 1588 1240 1619 Lambaeensis.]

591 1631 764 1662 Hainricus
796 1642 886 1672 ppos„
913 1632 952 1663 de
986 1631 1021 1662 S⁰
1044 1631 1238 1672 Floriano.³)
1292 1630 1484 1661 Michahel
1516 1630 1593 1671 pbr.
1621 1634 1657 1661 et
1689 1641 1765 1662 can.
1817 1635 1936 1662 Georius

643 1681 861 1715 Chrispelsteti'n-
885 1683 944 1716 pbr.
963 1684 991 1709 et
1014 1691 1072 1708 can.
1092 1682 1126 1708 de
1146 1681 1422 1714 Perichtolczgahen.
1459 1681 1623 1707 Walthasar
1642 1681 1751 1714 Reyndl
1776 1681 1836 1715 pbr.
1854 1683 1882 1708 et
1900 1691 1935 1708 m.

644 1724 670 1749 in
691 1724 844 1758 Fornpaeh.
881 1725 912 1750 D.
927 1725 1076 1758 Philippus
1101 1726 1128 1750 et
1147 1724 1178 1750 D.
1195 1724 1330 1750 lohannes
1353 1723 1412 1757 pbri
1432 1725 1461 1749 et
1480 1724 1539 1749 cani
1558 1723 1586 1749 in
1607 1722 1718 1750 Ma‘znsee
1737 1725 1766 1750 et
1785 1723 1936 1750 multitudo

643 1767 765 1793 fidelium
790 1776 832 1793 ao.
850 1768 962 1799 (14)960.
1004 1768 1044 1801 [1¹.
1059 1767 1206 1793 Hainricus
1226 1766 1408 1793 Neunhauser
1431 1766 1489 1793 dec.
1510 1768 1538 1793 et
1562 1775 1621 1793 can.
1641 1766 1669 1792 iu
1689 1766 1936 1800 Berchtelzgaden.

642 1808 672 1834 I).
688 1809 861 1841 Augustinus
880 1809 940 1842 pbr.
954 1811 983 1835 et
1002 1818 1060 1835 can.
1076 1809 1103 1835 in
1127 1809 1256 1842 Polling.]

591 1852 668 1883 Otto
692 1852 760 1893 pbr.
779 1855 811 1883 et
833 1863 902 1884 can.
919 1852 1159 1883 Sekkoviensis.
1199 1857 1338 1884 Iohannes
1354 1858 1387 1884 de
1404 1857 1497 1884 Suben
1514 1857 1575 1891 pbr.
1594 1859 1623 1884 et
1639 1866 1699 1883 can.
1716 1866 1826 1884 necnon
1842 1860 1936 1884 custos

642 1903 668 1928 h.
683 1903 771 1929 ecelie.
808 1903 945 1929 Iohannes
966 1903 1054 1929 Nater
1072 1903 1133 1937 pbr.
1148 1905 1176 1929 et
1195 1911 1255 1929 can.
1268 1904 1350 1930 monii
1368 1903 1455 1929 Beate
1469 1903 1557 1930 Marie
1570 1903 1696 1937 Virginis
1715 1903 1743 1929 in
1757 1903 1937 1938 Newnburga

643 1945 794 1972 Claustrali
816 1946 859 1972 ob.
897 1946 939 1980 [D.
952 1946 1090 1972 Steffanus
1114 1955 1148 1972 m.
1167 1948 1196 1972 et
1215 1946 1274 1979 pbr.
1293 1946 1321 1972 in
1342 1946 1488 1972 Lambaco.
1525 1946 1594 1980 Mgr.
1614 1946 1750 1972 Iohannes
1769 1945 1936 1973 Zimerhakk

644 1997 703 2014 can.
718 1988 745 2013 in
758 1988 918 2022 Neuwurga
936 1988 1096 2015 Claustrali.
1129 1989 1166 2014 Da
1180 1989 1354 2015 Wernharda
1367 1988 1598 2023 Saczenpergerin
1615 1989 1722 2015 smonIis
1735 1989 1764 2015 iu
1778 1989 1937 2023 Neuwurga

644 2030 794 2056 Claustrali
814 2040 863 2057 nec
882 2040 935 2058 non
955 2034 984 2058 et
1005 2033 1083 2058 Anna
1102 2031 1208 2065 egregii
1228 2031 1393 2066 Wolfgangi
1412 2031 1547 2057 Schwach
1567 2031 1740 2065 generosi.e)]

593 2078 755 2108 Fridricus
779 2079 847 2119 pbr.
871 2083 903 2110 et
926 2080 981 2110 cfr.
1003 2091 1032 2110 n.
1056 2079 1095 2110 de
1120 2079 1156 2110 So
1174 2079 1316 2120 Ypolito.
1363 2084 1459 2110 Macza
1482 2079 1591 2110 smon¹is
1615 2084 1799 2111 Secoviensis.
1845 2085 1878 2110 D.
1896 2085 1936 2111 Io-

642 2128 747 2155 hannes
766 2129 912 2155 Schricher
931 2138 991 2156 can.
1008 2130 1035 2155 in
1055 2130 1243 2164 Newnburga.
1281 2130 1312 2155 D.
1326 2129 1441 2156 Geor-ius
1460 2130 1520 2164 pbr.
1540 2132 1568 2156 et
1587 2139 1646 2156 can.
1662 2130 1698 2156 ad
1715 2130 1772 2156 Sum
1792 2130 1936 2158 Zenonem.

644 2171 703 2202 [Ob.
726 2172 891 2198 reverendus
923 2173 950 2198 in
981 2172 1049 2199 Chro
1074 2173 1103 2198 P.
1124 2175 1152 2199 et
1182 2173 1214 2199 D.
1240 2174 1270 2199 D.
1291 2172 1405 2199 Georius
1430 2173 1456 2199 h.
1482 2173 1565 2199 monii
1596 2173 1712 2206 ppos.⁴),
1745 2172 1937 2206 incorporatur

642 2214 832 2245 ecclesiarum.
853 2215 931 2241 cuius
952 2215 1044 2241 anima
1064 2216 1120 2241 Deo
1141 2215 1230 2245 vivat,
1256 2224 1297 2242 ao.
1318 2216 1348 2241 D1'
1369 2218 1421 2242 etc.
1442 2215 1621 2247 (M0D0)1V0.
1658 2214 1690 2240 D.
1705 2214 1810 2248 Caspar
1828 2215 1888 2248 pbr.
1908 2217 1935 2241 et

647 2264 705 2281 can.
720 2256 747 2281 in
768 2256 995 2290 Reychersperg]

593 2303 830 2343 Reiginhardus
847 2315 912 2345 eps.
931 2304 1173 2345 Pataviensisfi)
1213 2305 1381 2336 oswaldus
1398 2306 1477 2346 pbr..
1501 2306 1558 2336 vic.
1576 2305 1787 2344 Pataviensis‚
1812 2306 1862 2336 hic
1887 2316 1937 2336 se-

644 2354 764 2394 pultus,
806 2356 858 2396 qui
894 2355 983 2386 dedit
1017 2356 1108 2386 nobis
1145 2360 1152 2386 1
1176 2361 1205 2386 υ».
1235 2357 1427 2387 reddituum.
1488 2357 1672 2388 Albertus
1706 2357 1783 2398 pbr.
1813 2357 1936 2388 dictus

646 2404 940 2447 NVestcrburger
964 2418 1040 2437 can.
1058 2407 1087 2437 h.
1107 2407 1227 2438 ecclia
1267 2407 1473 2438 Hainricus
1498 2408 1575 2448 pbr.
1594 2411 1630 2439 et
1647 2418 1722 2438 can.
1741 2407 1775 2438 Si
1789 2407 1936 2448 Ypoliti

1219 2458 1226 2476 l

646 2456 700 2486 ol).
747 2462 839 2495 Agnes
864 2463 940 2488 diem
964 2463 1113 2489 Kchelczin
1138 2459 1247 2489 smonis
1273 2463 1457 2490 Secovieusis.
1503 2464 1602 2490 Petrus
1625 2463 1716 2489 dictus
1737 2463 1938 2490 Harschircher

387 2578 410 2609 ὃ)
430 2579 461 2603 de
480 2588 557 2603 manu
578 2581 716 2605 recentiore
736 2582 893 2613 adscriptum
912 2588 954 2607 est.
1060 2582 1084 2614 1’)
1104 2584 1242 2615 Sequentia
1262 2592 1339 2608 erasa
1358 2588 1424 2608 sunl.
1529 2583 1550 2614 c)
1573 2583 1614 2607 Sic
1633 2583 1687 2608 cod-

391 2660 410 2690 1)
430 2658 604 2685 Eberhardus
628 2660 666 2686 I..
696 2661 735 2686 ob.
754 2670 778 2686 (e.
799 2667 865 2688 131⁹.
983 2664 1004 2695 ²)
1034 2663 1079 2689 Ob.
1102 2672 1126 2689 α.
1146 2667 1217 2689 1415.
1339 2664 1348 2679 ³
1389 2662 1433 2689 Ob.
1454 2672 1479 2688 a.
1498 2666 1570 2689 1350.
1701 2664 1721 2695 ⁴)
1754 2663 1799 2689 Ob.
1818 2672 1842 2689 ct.
1862 2667 1936 2689 1515.

288 2700 308 2733 ·’·)
328 2701 509 2733 Βεῃιῗηῖιανίτιε
527 2702 564 2727 ob.
584 2711 608 2727 a.
623 2706 680 2728 «5235.
