2054 2948
227 89 288 133 252

261 175 333 201 XIII.
347 174 402 200 kal.

274 323 332 350 XII.
346 322 403 349 kal.

285 561 331 587 XI.
346 560 401 586 kal.

297 713 331 738 X.
344 712 400 738 kal.

277 985 323 1011 IX.
336 984 393 1010 kal.

260 1081 333 1107 VIII.
347 1080 401 1106 kal.

273 1171 332 1196 VII.
347 1170 401 1196 kal.

290 1221 337 1247 VI.
351 1220 405 1247 kal.

297 1377 330 1402 V.
345 1376 401 1403 kal.

286 1733 332 1759 IV.
345 1733 402 1759 kal.

286 2073 332 2097 III.
346 2073 402 2098 kal.

302 2352 336 2378 II.
351 2352 405 2379 kal.

347 2552 402 2578 kal.

448 173 488 199 19.

446 560 486 585 21.

842 78 1023 106 DIOECESIS
1042 76 1262 104 LENTIENSIS.

535 168 596 199 Ob.
613 168 652 198 D.
670 166 851 198 Fridericus
868 165 986 196 Snabel
1006 163 1090 205 pleb.
1108 163 1140 194 in
1156 162 1248 193 Wels
1272 164 1305 192 et
1319 161 1457 192 vicarius
1478 161 1565 192 chori
1581 161 1792 201 Pataviensis,
1817 162 1871 203 qui

586 218 676 250 dedit
705 217 794 248 nobis
826 216 971 258 postillas
1001 225 1097 255 super
1130 213 1308 253 ewangelia
1338 215 1370 243 ct
1400 214 1483 243 20112.
1501 215 1522 247 ὁ.
1549 222 1606 252 pro
1634 211 1761 243 anniv10.
1808 212 1872 244 Ob.

585 269 711 300 Ulricus
735 268 881 299 officialis
904 268 935 297 in
959 265 1150 306 Prampach.

536 320 583 346 Αο.
598 320 629 345 Di
643 318 907 345 MoccccoLxxlls·
927 317 969 343 ob.
984 316 1065 342 venlis
1084 315 1112 340 P.
1131 316 1159 341 et
1178 314 1209 340 D.
1224 314 1367 344 Iohannes,
1387 313 1451 340 abb.
1468 313 1582 347 quintus
1601 314 1723 341 decimus
1743 315 1769 341 h.
1785 315 1872 346 ecclie,

587 362 742 387 Heimeran.
779 360 952 393 Requiescat.
990 358 1049 391 [AO.
1069 358 1099 383 D1'
1117 356 1253 382 milesimo
1272 356 1494 390 quingentesimo
1518 357 1548 382 3⁰
1571 357 1615 383 ob.
1633 357 1665 384 fr.
1679 357 1872 391 Wolfgangus,

584 417 637 434 sac.
653 409 681 434 et
700 417 734 434 m.
749 407 774 433 h.
788 406 877 433 ecelie.
915 405 1101 438 Requiescat.]
1139 400 1199 431 Ob.
1221 400 1382 430 Iohannes
1406 400 1508 431 dictus
1525 399 1683 431 Schaehel
1707 401 1784 432 civis
1807 401 1871 432 Pa-

585 456 746 494 taviensis,
772 454 826 485 cfr.
844 465 872 484 n.
890 453 1004 491 fidelis⁷
1029 453 1082 493 qui
1100 452 1189 483 dedit
1206 451 1297 482 nobis
1321 452 1361 482 32
1379 451 1432 482 tal.
1453 456 1478 486 ὦ.
1496 462 1552 492 pro
1570 452 1687 483 annivw
1703 456 1872 494 perpetuo.

586 508 669 538 Item
694 507 744 537 ob.
762 504 920 547 Dffnmdis
944 516 995 535 uX.
1015 504 1092 534 eius.

534 558 584 585 Ob.
603 558 633 584 D.
649 557 809 583 Chunradus
824 556 884 590 pbr.
903 555 994 581 dictus
1011 553 1206 588 Weinperger,
1233 553 1353 580 vicarius
1367 554 1395 580 in
1413 554 1608 588 Naternmch,
1628 554 1675 587 qui
1692 554 1771 581 dedit
1793 555 1872 581 nobis

586 605 618 631 10
628 604 677 630 tal.
689 604 712 636 ᾧ.
751 599 810 630 Ob.
835 599 979 629 Ortolfus
1003 588 1100 630 Oder.
1148 597 1209 628 Ob.
1231 596 1421 628 chunradus
1446 598 1591 629 officialis
1615 598 1655 629 de
1679 598 1872 639 Prampach.

584 652 666 682 Item
690 651 862 681 Huniricus
886 650 1031 680 officialis
1054 649 1185 679 ibidem.

445 708 485 734 22.
531 703 591 734 Ob.
610 703 645 734 fr.
663 701 823 742 RfigerUS,
848 712 910 732 sac.
929 704 961 731 et
984 712 1025 732 111.
1043 701 1073 732 h.
1091 700 1190 731 eccli&
1231 699 1290 730 Ob.
1307 699 1347 731 D.
1365 700 1552 731 Chadoldus
1576 700 1616 731 de
1633 700 1872 732 Valchenstain.

583 754 720 785 Georius
743 753 785 783 fil.
810 753 886 783 eius.
933 758 984 783 Ao.
1002 752 1034 783 Di
1051 758 1104 783 etc.
1127 756 1355 787 (MCCCC)XL11⁰
1372 756 1417 783 ob.
1434 756 1538 783 nobilis
1553 755 1685 783 Erasmus
1699 757 1872 783 Watzmans-

585 804 691 834 dorffer,
711 803 759 836 qui
778 803 916 830 satisfecit
935 812 984 837 pro
1004 803 1111 829 annivio
1131 802 1248 836 singulis
1267 804 1388 836 quatuor
1400 802 1573 836 temporibus
1592 811 1654 829 eum
1672 802 1762 829 tribus
1781 802 1872 829 missis

583 849 610 874 et
630 846 720 873 officio
740 846 911 880 peragendo.
937 846 1003 872 item
1023 846 1125 872 nobilis
1146 845 1266 871 Barbara
1286 845 1502 880 Cherspergerin
1520 855 1565 872 ux·
1579 845 1648 875 eius.
1672 845 1873 880 Sygismuudus

584 890 655 915 filius
670 898 770 916 eorum.
807 890 877 915 Item
898 889 1040 923 Ruegerus
1059 888 1211 922 Ta-npekch
1237 890 1265 914 et
1284 888 1491 922 quinquaginta
1510 889 1611 915 anime.
1646 889 1715 915 Item
1736 889 1872 915 Martinus

582 932 839 958 Wahmanstorffer.

439 981 481 1008 23.
528 976 589 1007 Ob.
607 976 643 1007 fr.
661 975 844 1016 Meingotus
862 976 901 1006 de
919 975 1095 1015 Waldekk‚
1112 985 1178 1006 acc.
1193 979 1225 1006 et
1240 986 1282 1006 m.
1299 975 1330 1005 h.
1345 975 1443 1005 ecclffi.
1482 975 1563 1007 Item
1583 975 1633 1006 ob.
1650 975 1687 1006 fr.
1704 975 1872 1016 Marquar-

446 1080 487 1106 ⁵24.

447 1169 487 1195 25.

450 1220 491 1246 26.

448 1734 487 1760 28.

448 2073 489 2099 29.

451 2353 490 2380 30.

467 2554 486 2578 l.

582 1028 650 1067 dus,
668 1038 714 1057 cv.
729 1027 759 1057 h.
775 1027 897 1058 domus.
930 1027 991 1058 Ob.
1002 1026 1225 1057 WVeruhardus
1242 1026 1282 1057 de
1299 1025 1451 1068 Mfirring,
1477 1026 1705 1068 Chunegundis
1721 1038 1775 1057 ux.
1793 1027 1871 1057 eius.

534 1079 594 1112 [Ao.
608 1078 638 1104 Di
654 1078 719 1103 1520
738 1077 780 1103 ob.
796 1078 876 1104 veulis
895 1077 923 1103 in
938 1078 1006 1103 ChrO
1026 1077 1054 1102 P.
1068 1079 1097 1103 et
1110 1077 1141 1103 D.
1156 1077 1278 1107 Gabriel,
1296 1077 1360 1104 abb.
1373 1077 1399 1103 h.
1415 1077 1496 1104 ecclie
1511 1077 1664 1110 vicesimus,
1681 1077 1759 1103 cuius
1778 1077 1872 1104 anima

582 1130 627 1147 1'.1.
644 1130 661 1146 ).

534 1163 593 1195 Ob.
612 1130 648 1195 frl.
664 1120 837 1202 iohannes.
862 1174 925 1194 sac.
944 1167 976 1194 et
999 1175 1040 1194 m.
1058 1164 1088 1194 h.
1107 1163 1206 1194 ecclie.
1253 1163 1313 1194 Ob.
1332 1163 1526 1194 Marchlinus
1550 1163 1636 1195 famis
1659 1174 1688 1194 n.

537 1216 596 1247 Ob.
613 1215 739 1246 Ulricus
763 1215 878 1246 nobilis
903 1215 942 1246 dc
965 1214 1186 1255 Ffirstenekk,
1211 1216 1264 1256 qui
1289 1215 1379 1246 dedit
1405 1218 1442 1246 10
1458 1216 1488 1255 β.
1506 1215 1700 1246 reddituum.
1735 1215 1797 1246 Ob.
1815 1215 1872 1246 Ni-

583 1268 692 1298 colaus
719 1267 837 1308 hospes
866 1278 895 1297 n.
917 1267 947 1297 in
971 1266 1116 1298 Patavia.
1168 1267 1251 1298 Item
1280 1267 1319 1297 D.
1342 1266 1485 1298 Ortolfus
1513 1267 1643 1298 colonus
1666 1278 1695 1298 n.
1718 1267 1757 1298 de
1780 1267 1871 1307 Dorf,

582 1319 710 1359 Sophya
734 1330 787 1349 ux.
807 1319 883 1354 eius.
909 1319 962 1359 qui
987 1318 1145 1349 dederunt
1172 1321 1208 1349 12
1226 1319 1278 1349 tal.
1293 1322 1317 1354 ᾧ,

482 1397 486 1401 .
533 1370 593 1401 Ob.
612 1370 812 1401 NValchunus
837 1381 900 1400 sac.
951 1369 1011 1401 Ob.
1029 1370 1068 1401 D.
1087 1369 1213 1400 Uli-icus
1241 1370 1281 1401 de
1305 1370 1551 1409 Valchenstain,
1583 1369 1636 1411 qui
1663 1369 1753 1400 dedit
1781 1369 1871 1400 nobis

584 1424 623 1453 26
641 1421 695 1452 tal.
710 1426 733 1450 Α.
780 1422 862 1452 Item
893 1421 990 1452 Clara
1013 1433 1065 1452 ux.
1085 1422 1162 1452 eius.
1216 1421 1424 1452 Sei-vicium
1449 1421 1570 1452 detur.
1622 1421 1680 1452 Ob.
1699 1421 1870 1452 Heinricus

583 1473 862 1514 Aystershaymer.
914 1473 976 1503 Hic
1001 1473 1091 1504 dedit
1120 1475 1137 1504 2
1162 1473 1274 1514 predia
1298 1483 1337 1503 an
1362 1473 1419 1503 der
1444 1467 1514 1503 Ode
1539 1476 1571 1503 et
1594 1472 1727 1503 fundum
1751 1473 1871 1504 dictum

583 1525 640 1555 auf
668 1524 741 1555 dem
775 1525 889 1555 All·ain
919 1535 976 1565 pro
1008 1524 1126 1555 annivio
1156 1525 1216 1555 sibi
1247 1528 1279 1555 et
1307 1523 1565 1565 progenitoribus
1593 1525 1657 1554 suis
1680 1525 1870 1566 perpetuoss)

581 1576 717 1617 agendo.
750 1575 962 1607 ServiCIU1n
980 1576 1100 1608 detur.
1133 1580 1184 1606 Ob.
1198 1581 1336 1607 Martinus
1353 1581 1443 1606 dictus
1460 1580 1587 1614 Scriptor
1602 1580 1671 1606 civis
1687 1580 1871 1606 Pataviensis.

582 1628 642 1659 Ob.
660 1627 776 1668 Hyldis
800 1628 840 1658 de
864 1628 990 1659 Lewbs.
1037 1628 1119 1659 [tem
1143 1628 1252 1659 Lucia.
1298 1627 1381 1658 Item
1407 1627 1457 1658 ob.
1475 1626 1598 1658 Ellderl
1620 1626 1759 1657 famulus
1780 1627 1871 1658 abbi&

582 1679 767 1719 Margareta
791 1690 843 1709 ux.
861 1680 939 1709 eius.

535 1730 595 1760 Ob.
613 1729 652 1760 D.
671 1730 822 1761 Nicolaus
852 1731 955 1761 dictus
978 1730 1100 1762 Rfi'uner
1128 1731 1313 1772 capellanus
1343 1730 1383 1761 ad
1412 1730 1472 1761 Sum
1490 1730 1642 1772 Spiritum
1670 1731 1700 1760 in
1725 1730 1870 1761 Patavia.

581 1780 643 1812 Hic
668 1781 756 1812 dedit
781 1784 799 1812 9
817 1782 846 1812 fl.
872 1793 943 1812 cum
968 1782 1128 1823 aliquibus
1157 1783 1316 1823 opusculis
1344 1783 1420 1813 satis
1445 1782 1682 1813 comendandis.
1735 1781 1795 1813 Ob.
1813 1782 1871 1823 Sy-

584 1831 683 1862 fridus
714 1832 888 1864 Prukkner
918 1833 957 1864 de
988 1833 1133 1864 Patavia.
1186 1833 1328 1864 Annivius
1358 1836 1481 1874 agatur.
1538 1836 1588 1862 Ob.
1609 1836 1756 1863 Hainrieus
1782 1837 1872 1863 dictus

583 1874 735 1909 Odenbiser
755 1885 801 1909 cfr.
815 1893 840 1909 n.
856 1884 952 1913 fidelis.
973 1884 1039 1910 item
1061 1884 1193 1910 Katerina
1212 1894 1254 1910 ux.
1269 1885 1327 1911 eius
1347 1884 1423 1910 dicta
1441 1884 1652 1918 Hayezingerin,
1671 1884 1719 1917 qui
1738 1884 1873 1911 dederunt

584 1926 653 1951 1111.
673 1927 696 1951 θ.
715 1934 764 1959 pro
785 1926 892 1951 annivio
917 1928 1053 1960 perpetuo
1077 1930 1105 1953 et
1131 1927 1220 1953 tribus
1240 1927 1338 1953 missis.
1376 1927 1446 1953 Item
1465 1927 1508 1953 ob.
1527 1927 1673 1953 Hainricus
1692 1926 1871 1960 Kalezpechk

584 1973 726 2006 particeps
750 1973 868 2006 predicti
888 1974 998 2000 annivii.
1036 1971 1096 2001 Ob.
1110 1972 1204 2002 Anna
1220 1974 1252 2002 et
1268 1971 1455 2012 Elysabeth,
1479 1971 1544 2001 filie
1562 1970 1720 2001 Chadoldi
1737 1970 1776 2002 de
1794 1970 1871 2002 Val-

585 2019 760 2050 clienstain.

536 2070 596 2100 Ob.
612 2070 648 2100 fr.
660 2071 890 2112 Wornhardus,
909 2083 971 2103 sac.
987 2076 1018 2103 et
1029 2084 1070 2104 m.
1085 2073 1114 2104 h.
1130 2073 1228 2104 ecclie.
1261 2078 1312 2104 Ob.
1326 2079 1359 2104 fr.
1372 2078 1561 2110 Leonhardus,
1578 2087 1633 2104 sac.
1651 2079 1680 2104 et
1692 2087 1727 2104 m.
1740 2079 1767 2104 h.
1782 2073 1870 2104 eccliss.

585 2120 635 2146 Ob.
649 2121 750 2147 nobilis
771 2122 941 2156 Pangracius
962 2124 1034 2149 oder
1053 2124 1086 2150 de.
1100 2124 1261 2158 Aichperig,
1281 2125 1329 2157 qui
1349 2126 1468 2151 testatus
1488 2126 1530 2151 est
1549 2124 1629 2150 nobis
1648 2124 1775 2158 predium
1793 2133 1872 2150 suum

584 2172 617 2188 au
640 2164 699 2197 Hag
719 2173 768 2197 pro
788 2165 895 2190 anniviv
914 2171 1058 2200 perpetuo.
1097 2167 1166 2193 Item
1186 2167 1229 2194 ob.
1246 2167 1387 2201 Ryprecht
1407 2162 1479 2193 Oder
1498 2167 1531 2194 de
1550 2167 1707 2201 Aychperg.
1744 2167 1872 2193 Annivius

585 2208 685 2239 agatur
699 2216 758 2232 cum
774 2217 860 2241 parva
874 2209 971 2242 vigilia
991 2211 1019 2236 et
1032 2219 1093 2235 cum
1114 2210 1203 2236 tribus
1216 2210 1307 2236 missis
1327 2210 1401 2237 circa
1413 2211 1513 2237 festum
1531 2209 1608 2236 Petri
1627 2211 1655 2236 et
1668 2209 1749 2236 Pauli
1763 2212 1871 2243 aposto-

586 2253 671 2278 lorum
692 2257 757 2280 aute
777 2254 834 2280 dies
854 2257 917 2281 octo
938 2256 980 2282 vel
1002 2259 1065 2289 post
1084 2257 1259 2290 peragendis.
1297 2254 1357 2285 Ob.
1371 2255 1480 2295 Agnes
1498 2258 1530 2284 et
1543 2248 1728 2294 Elysabeth,
1746 2263 1871 2284 Sorores

585 2301 652 2330 eius
677 2301 715 2331 de
740 2301 884 2333 Patavia.
932 2308 981 2334 Ob.
996 2309 1077 2334 Anna
1094 2309 1307 2343 Ranningerinn
1325 2309 1426 2336 civissa
1443 2310 1476 2336 de
1493 2310 1618 2341 Patavia,
1643 2304 1749 2345 queb).
1769 2329 1774 2334 .
1794 2329 1799 2335 .

537 2351 601 2381 Ob.
619 2352 659 2382 fr.
677 2352 874 2393 Nicolaus,
891 2354 1001 2385 venlis
1018 2356 1144 2386 senior
1167 2356 1197 2387 h.
1217 2356 1335 2387 eccl⁵⁹.
1382 2356 1443 2389 Ob.
1461 2356 1645 2398 Margareta
1669 2356 1708 2386 de
1725 2355 1869 2391 Patavia.

586 2413 648 2443 que
672 2404 761 2435 dedit
789 2408 824 2436 10
842 2406 895 2436 tal.
910 2411 933 2435 ὡ.

931 2490 1166 2526 OCTOBER.

534 2554 627 2580 Ob.f1·.
642 2555 776 2584 Erasmm,
795 2566 850 2583 sae.
864 2560 890 2584 et
907 2568 941 2584 ιιι.
955 2559 981 2584 h.
996 2560 1084 2585 ecc-lie.
1122 2555 1182 2587 Ob.
1201 2556 1306 2587 Gozzo
1324 2557 1594 2598 Lauterprunner.
1626 2556 1800 2596 Wilwirgis
1817 2566 1870 2586 ux.

586 2613 661 2633 ems.

330 2685 352 2715 Βι)
375 2686 414 2709 Ila
435 2687 519 2712 cocles.

625 2688 648 2719 b>
671 2690 806 2721 Sequentia
827 2692 924 2718 (Iesum.
