2054 2948
289 90 348 121 138
879 85 1061 112 DIOECESIS
1081 85 1147 111 PAS
1153 84 1341 111 SAVIENSIS.

646 171 750 198 Cecilia
769 171 876 197 smonlis
895 170 1086 197 thwiceusis.
1123 170 1254 204 [Michael
1273 170 1334 204 pbr.
1349 171 1377 196 et
1396 178 1455 196 can.
1469 170 1504 196 ad
1523 171 1579 196 Sum
1591 170 1731 197 Andream
1750 179 1833 204 super
1845 171 1937 198 'Prais-

647 222 738 240 mann.
780 213 822 240 Fr.
842 213 958 240 Iacobus
980 212 1088 239 Hadrer
1109 222 1144 238 m.
1163 215 1191 238 et
1215 221 1270 239 sae.
1287 212 1317 237 in
1336 212 1439 239 Altach
1458 212 1593 239 Inferiori.
1634 213 1684 239 Ob.
1701 213 1733 240 fr.
1748 213 1934 247 Wolfgangus

647 257 738 283 Wiser
757 256 816 290 pbr.
831 259 858 283 et
879 256 947 289 prof.
962 255 1042 282 monii
1062 256 1089 280 in
1110 255 1212 281 Altaeh
1231 254 1376 286 Inferiori]

344 305 391 331 IV.
405 304 441 331 id.
507 304 547 330 12.
592 300 760 331 Elizabeth
784 299 1003 330 Zahalminna.
1050 299 1185 330 Oblacio
1217 298 1314 329 chori.
1366 297 1432 328 Dat
1454 297 1554 333 nobis.
1569 301 1716 339 quartam
1739 301 1866 339 partem
1895 298 1936 330 de

645 351 778 382 servicio
803 351 880 381 eius
926 349 1149 380 Wernhardus
1177 349 1279 380 dictus
1307 348 1491 380 Oemichsel
1519 349 1595 380 civis
1617 348 1829 380 Pataviensis.
1874 350 1937 381 Hic

646 421 804 427 .......
807 403 830 433 ³)
872 400 995 426 Andreas
1020 399 1078 433 pbr.
1100 401 1128 425 et
1153 407 1212 425 ean.
1231 399 1424 425 Balthusensis
1448 399 1495 425 cfr.
1513 408 1539 425 n.
1581 399 1733 433 Remygius
1756 409 1834 433 ppos.
1855 400 1937 427 ecclic

647 443 885 476 Walthusensis.¹)
918 443 947 468 D.
959 442 1114 468 Friderious
1129 442 1186 467 Lux
1203 442 1263 475 pbr.
1277 444 1305 468 et
1318 442 1387 475 prof.
1401 442 1430 467 in
1444 442 1618 469 Ranshoven.
1646 442 1816 476 [Thorothea
1829 443 1938 469 smonlifl

646 486 836 513 Getwieensis.
883 485 1063 512 Sebastianus
1087 487 1115 511 et
1139 485 1169 511 D.
1188 485 1303 511 Ioannes
1328 485 1389 518 pbri
1412 486 1440 511 et
1463 485 1524 511 cani
1543 485 1572 511 in
1591 485 1794 520 Herezobiirga.
1836 486 1886 512 Ob.
1903 486 1934 512 fr.

645 529 824 556 Leonhardus
843 528 1017 555 Sinekhoffer
1040 527 1100 561 pbr.
1120 530 1149 554 et
1174 537 1210 554 m.
1230 528 1258 553 in
1277 528 1381 554 Altach
1401 527 1536 559 luserim-i,
1561 528 1699 562 parochus
1723 529 1753 554 in
1772 528 1865 562 Spytz,
1892 537 1934 555 ao.

646 572 678 597 Di
696 572 781 605 1549.]

323 622 372 647 ΙΙΙ.
386 621 423 647 id.
509 620 548 647 13.
594 615 767 646 Hainrieus
792 615 894 645 dictus
918 613 1064 645 Staindel
1088 614 1165 644 civis
1188 614 1399 645 Pataviensis.
1445 613 1540 645 Unde
1563 614 1719 646 habemus
1746 614 1780 656 ²l2
1795 619 1825 645 U).
1842 625 1939 656 super

645 665 740 696 domo
765 666 854 695 iuxta
878 665 991 696 forum.
1038 670 1156 696 Iodocus
1173 678 1252 704 ppos.
1269 665 1350 696 ecclie
1367 666 1388 696 si
1404 665 1569 703 Florianifl)
1614 671 1735 697 Michael
1751 670 1812 704 pbr.
1830 672 1859 697 et
1875 679 1936 697 can.

643 716 725 742 ecelin
750 716 770 741 s*¹
793 715 932 749 Yppoliti.
974 716 1110 750 Brogolus
1135 716 1244 742 Prewer
1269 716 1330 749 pbr.
1352 717 1381 742 et
1407 725 1466 742 can.
1486 716 1522 742 ad
1547 716 1604 742 Sum
1627 716 1795 743 Florianum.
1838 717 1938 744 Pelzrus

642 758 859 792 Poppendorffer
879 758 937 791 pbr.
953 757 981 783 in
996 758 1200 784 Neueukirchn.
1237 758 1280 792 [D.
1297 759 1405 785 Blasius
1420 758 1597 792 Rosenstingl
1611 767 1689 793 pposJ.
1703 759 1731 785 in
1745 759 1935 793 Ranshofen.³)

643 802 674 827 D.
689 801 866 828 Leonhardus
890 801 976 827 Rorer
998 801 1090 827 senior
1113 801 1225 828 ibidem.
1270 801 1311 828 Fr.
1326 802 1442 828 Iacobus
1462 802 1555 828 Dorfel
1578 801 1649 828 diac.
1667 801 1780 828 ibidem.
1820 802 1938 828 Ioannes

644 844 704 877 pbr.
719 846 747 870 et
766 853 800 869 m.
815 843 842 869 in
863 844 1041 870 Fiirstenzell.
1082 844 1221 870 Erhardus
1240 844 1317 870 Hirel
1342 853 1403 870 can.
1417 846 1445 871 et
1464 853 1542 878 ppos.
1557 844 1670 879 Polling
1687 844 1814 871 discessit
1833 853 1866 871 ex
1884 845 1938 871 hac

646 887 704 912 vita
724 895 765 912 ao.
781 887 890 919 <15)77.]

353 937 389 963 ΙΙ.
403 935 439 961 id.
505 936 545 961 14.
591 930 750 961 Iohannes
782 930 850 971 pbr.
876 933 907 961 et
937 941 1004 961 can.
1029 930 1068 960 de
1100 929 1264 961 Seeoovia.
1321 930 1488 961 Gotfridus
1520 930 1601 961 diae.
1629 934 1660 962 et
1690 940 1758 961 ean.
1782 930 1812 961 h.
1838 929 1937 961 ecclia

644 981 785 1006 Fridricus
804 980 895 1006 dictus
910 981 1075 1014 Chrempsiir
1094 981 1154 1014 pbr.
1170 982 1197 1007 et
1218 989 1277 1007 can.
1294 981 1327 1007 de
1341 981 1493 1007 Walthusa
1512 981 1555 1007 ob.
1586 981 1684 1007 Petrus
1698 980 1821 1007 Pfieehel
1835 981 1895 1014 pbr.
1909 982 1938 1007 et

645 1033 704 1049 can.
722 1023 750 1049 in
772 1023 1027 1057 Herczogenburga.
1065 1025 1096 1050 D.
1110 1024 1199 1050 Lucas
1218 1024 1277 1057 pbr.
1295 1026 1323 1050 et
1342 1024 1412 1058 prof.
1431 1024 1512 1050 monii
1531 1024 1560 1050 in
1579 1023 1718 1051 Msmnsee.
1756 1024 1797 1058 [D.
1812 1023 1939 1050 Maximi-

642 1067 734 1092 lianus
751 1066 947 1093 Puechhauser
967 1067 1040 1099 pleb.
1056 1067 1084 1092 in
1103 1067 1237 1099 Alburck,
1257 1067 1326 1100 prof.
1342 1069 1370 1093 et
1390 1076 1448 1093 can.
1462 1067 1488 1093 h.
1504 1067 1596 1093 monii.
1633 1067 1664 1093 D.
1679 1067 1815 1093 Iohannes
1833 1066 1937 1093 Gruen-

644 1118 745 1143 perger
763 1109 823 1143 pbr.
837 1111 865 1136 et
885 1118 945 1136 can.
960 1109 1112 1143 Ratispone
1133 1110 1207 1143 apud
1227 1109 1283 1136 Sum
1302 1110 1444 1143 Magnum.
1481 1110 1512 1136 D.
1527 1110 1711 1144 Wolfgannus
1730 1109 1853 1143 ibidem]

396 1160 434 1185 id.
503 1159 545 1185 15.
590 1153 761 1184 Hainricus
790 1153 859 1194 pbr.
883 1157 915 1183 et
945 1164 1012 1184 can.
1038 1153 1290 1194 Salzpurgensis.
1343 1153 1602 1194 Engelbertus
1630 1153 1706 1194 pbr.
1728 1156 1766 1184 et
1793 1163 1868 1184 can.
1893 1153 1937 1184 de

644 1205 684 1236 S⁰
708 1204 867 1246 Ypolito
892 1205 947 1235 ob.
995 1209 1159 1236 Chunradus
1183 1210 1274 1236 dictus
1298 1210 1476 1243 Morspekch,
1501 1218 1562 1236 can.
1580 1212 1609 1236 et
1632 1210 1681 1236 cfr.
1697 1219 1725 1236 11.
1742 1210 1776 1236 de
1793 1209 1938 1236 Reiehers-

643 1264 720 1289 perg,
741 1256 801 1289 pbr.
839 1255 979 1282 Erhardus
993 1256 1056 1281 abb.
1072 1255 1098 1281 in
1114 1255 1272 1287 GMwicos&
1309 1255 1351 1289 [D.
1364 1255 1499 1289 Georgius
1511 1256 1572 1289 pbr.
1586 1257 1615 1282 et
1630 1264 1688 1282 ean.
1704 1255 1733 1281 in
1744 1255 1937 1282 Walthausen.

644 1299 673 1324 D.
688 1299 790 1324 Paulus
804 1298 1036 1332 Schounprunner
1050 1298 1160 1329 ibidem,
1181 1298 1212 1324 fr.
1226 1298 1405 1325 Leonhardus
1418 1298 1489 1325 diae.
1503 1299 1531 1324 in
1544 1298 1606 1329 Ror,
1625 1298 1656 1324 D.
1670 1298 1811 1329 GabriheL
1825 1298 1857 1324 D.
1872 1298 1938 1324 Leo-

644 1342 754 1375 poldus.
785 1342 813 1368 D.
833 1342 1010 1373 Valentinus,
1040 1341 1071 1367 D.
1092 1342 1203 1372 Petrus,
1232 1342 1263 1368 D.
1280 1342 1436 1372 Oswaldus,
1465 1350 1559 1368 omnes
1583 1341 1662 1375 pbres
1686 1343 1714 1367 et
1738 1341 1798 1367 cani
1821 1341 1857 1367 ad
1881 1341 1938 1367 Sum

648 1384 826 1417 Florianum]

304 1433 392 1460 XVH.
406 1433 462 1459 kal.
507 1432 546 1458 16.
592 1428 797 1459 Purchardus
818 1427 1021 1459 Pataviensis
1046 1429 1144 1469 eps.⁵)
1188 1427 1314 1458 Ulrious
1339 1427 1442 1458 dictus
1464 1427 1578 1463 Cosam
1603 1426 1764 1458 Gedrudis
1787 1437 1839 1457 ux.
1858 1427 1937 1458 eius.

644 1480 693 1510 De
725 1479 840 1520 quibus
868 1479 1024 1510 habemus
1054 1482 1094 1511 60
1117 1483 1137 1513 o).
1167 1480 1198 1510 in
1227 1479 1386 1510 Haibach.
1437 1483 1615 1509 Hei-mannus
1638 1491 1717 1516 ppos.
1739 1477 1819 1509 ecc1¹0
1843 1482 1938 1509 Secco-
1987 1514 1990 1515 .

643 1529 777 1561 viensis.⁶)
815 1530 993 1556 Leonhardus
1012 1530 1147 1556 Haberler
1169 1529 1229 1563 pbr.
1249 1531 1277 1556 et
1299 1538 1359 1555 can.
1379 1529 1407 1555 in
1426 1529 1590 1556 Novacena.
1627 1529 1656 1554 D.
1672 1528 1812 1554 Erhardus
1830 1528 1890 1562 pbr.
1909 1530 1938 1555 et

643 1581 702 1598 can.
724 1572 752 1598 in
779 1573 840 1598 Ror.
883 1572 924 1605 [D.
944 1572 1081 1606 Caspai-us
1104 1572 1287 1599 Hertzhamer
1310 1573 1370 1606 pbr.
1394 1572 1421 1598 in
1446 1572 1615 1605 Paumburg.
1657 1571 1701 1598 Fr.
1719 1571 1836 1598 Ioannes
1862 1571 1938 1597 Mue-

643 1615 796 1649 trichiuger
815 1624 871 1641 acc.
886 1615 1007 1649 ibidem]

318 1663 390 1689 XVI.
404 1663 459 1689 kal.
507 1663 545 1688 17.
592 1658 782 1690 Chunradus
806 1658 982 1695 Rfitstoch;
1013 1662 1053 1690 (50
1071 1664 1091 1694 ο),
1117 1659 1157 1690 de
1183 1659 1277 1689 domo
1302 1669 1369 1697 sua,
1398 1668 1495 1699 quam
1517 1657 1617 1688 habet
1638 1657 1821 1689 Herliebus.
1868 1656 1935 1688 Ob-

642 1710 719 1740 latio
744 1710 842 1740 chori.
888 1713 1034 1739 Ekhardus
1054 1714 1168 1740 'rannfir
1186 1714 1246 1747 pbr.
1265 1716 1293 1740 et
1312 1722 1372 1740 can.
1390 1712 1616 1747 Salczpurgensis
1634 1712 1678 1738 ob.
1718 1711 1749 1738 D.
1763 1711 1935 1738 Lambertus.

646 1761 676 1786 D.
689 1760 876 1794 Wolfgannus
899 1761 979 1786 monii
999 1761 1130 1787 Subensis
1152 1763 1180 1787 et
1198 1761 1350 1787 multitudo
1370 1760 1501 1786 fidelium.
1542 1759 1592 1786 Ob.
1606 1758 1752 1793 religiosus
1777 1758 1819 1784 vir
1837 1759 1868 1785 D.
1882 1759 1935 1785 Au-

642 1803 770 1837 gustinus
789 1803 882 1829 Strobl
902 1804 935 1829 de
956 1804 1084 1836 Monam,
1105 1804 1131 1830 h.
1145 1804 1227 1830 monii
1246 1804 1306 1837 pbr.
1319 1805 1348 1830 et
1367 1803 1444 1837 prof,
1467 1802 1545 1829 cuius
1563 1802 1658 1828 anima
1677 1802 1733 1828 Deo
1754 1801 1837 1828 vivat.
1876 1802 1934 1835 [Ao.

640 1846 742 1877 (15)67:
766 1846 922 1879 Ruepertus
941 1846 1049 1880 Khegel
1070 1848 1139 1880 prof.
1154 1848 1182 1873 et
1201 1847 1324 1873 subdiac.
1338 1846 1419 1873 monii
1439 1846 1468 1871 in
1489 1845 1590 1872 Altaeh
1608 1844 1754 1877 Inferiori]

332 1893 389 1919 XV.
404 1892 459 1918 kal.
506 1893 545 1920 18.
590 1889 779 1930 Leupoldus
802 1890 870 1931 pbr.
893 1890 948 1921 cfr.
966 1902 995 1921 n.
1018 1890 1057 1921 de
1082 1890 1118 1921 S⁰
1136 1890 1279 1931 Ypolito.
1326 1895 1511 1921 Gotschalcus
1535 1894 1626 1920 dictus
1650 1893 1743 1919 Weczl
1767 1901 1828 1919 ean.
1847 1892 1935 1918 Walt-

644 1940 777 1966 busensis.
815 1941 913 1967 Petrus
932 1941 1023 1967 dictus
1037 1942 1122 1967 Turul
1143 1950 1202 1968 can.
1218 1941 1244 1967 iu
1264 1941 1520 1975 Berchtersgadem.
1558 1940 1589 1966 D.
1602 1939 1761 1973 Stephanus
1780 1939 1840 1972 pbr.
1854 1940 1881 1965 et
1900 1948 1934 1965 m.

643 1983 670 2008 in
690 1983 853 2016 Formpaoh.
890 1983 921 2010 D.
936 1984 1122 2018 wolfgangus
1145 1993 1224 2018 ppos.
1243 1984 1272 2010 in
1293 1984 1490 2015 Ranshovenff)
1535 1983 1597 2017 [Ob.
1611 1983 1642 2009 D.
1657 1982 1808 2009 leronimus
1832 1982 1890 2015 pbr.
1908 1984 1936 2008 et

643 2035 702 2052 cau.
717 2027 744 2052 iu
756 2026 864 2053 Voraw.
903 2027 939 2052 Da
953 2027 1038 2053 Lucia
1057 2029 1085 2053 et
1099 2027 1136 2053 Da
1149 2029 1228 2054 Anna
1241 2028 1354 2053 smonleg
1373 2035 1405 2053 ac
1422 2026 1499 2060 prosss
1516 2026 1597 2052 monii
1610 2026 1745 2052 smouliuffl
1758 2025 1787 2051 in
1801 2025 1935 2052 Gotwico.

644 2069 674 2094 D.
690 2069 845 2103 Margarita
865 2069 988 2096 Hofferin
1007 2079 1059 2097 sor.
1074 2071 1193 2104 laycalis
1212 2071 1334 2097 eiusdem
1353 2070 1453 2103 monii]

318 2113 390 2139 XIV.
405 2113 460 2139 kal.
507 2115 546 2141 19.
591 2112 753 2143 Fridricus
779 2113 847 2153 pbr.
868 2117 900 2144 et
924 2124 992 2144 can.
1011 2114 1042 2145 Si
1061 2115 1191 2155 Ypoliti.
1238 2119 1348 2145 Ulricus
1372 2127 1452 2152 ppos.
1471 2113 1550 2144 ecclie
1567 2119 1596 2144 et
1612 2111 1696 2143 monii
1712 2116 1901 2143 seccoviensis
1911 2112 1935 2150 8)

642 2163 689 2189 cfr.
704 2172 729 2188 11.
744 2164 787 2189 ob.
824 2163 886 2197 [Ob.
900 2164 932 2190 D.
948 2165 1094 2191 Heinricus
1115 2165 1270 2198 Lyndawer
1288 2174 1366 2198 ppos.
1381 2165 1409 2190 in
1424 2163 1616 2195 Tiernstain.⁰)
1653 2162 1685 2188 D.
1699 2162 1814 2188 Georius
1833 2162 1892 2196 pbr.
1907 2164 1936 2189 et

642 2214 701 2231 can.
717 2205 744 2231 iu
764 2206 933 2233 Tierustain.
970 2207 1021 2234 Ob.
1037 2208 1065 2234 D.
1081 2207 1219 2241 Casparus
1239 2208 1302 2234 sztl
1321 2208 1381 2241 pbr.
1396 2209 1424 2233 et
1444 2215 1503 2233 can.
1516 2207 1546 2232 iu
1566 2205 1732 2247 Polliengen]

317 2248 390 2275 XIII.
404 2249 459 2275 kal.
505 2250 545 2278 20.
591 2248 729 2279 Iacobus
758 2249 827 2290 pbr.
853 2254 884 2281 et
914 2250 982 2281 dee.
1005 2251 1035 2281 h.
1060 2251 1149 2281 ecclie
1173 2251 1209 2282 fr.
1227 2262 1256 2282 n.
1302 2251 1475 2281 Haim-icus
1503 2250 1606 2280 dictus
1630 2249 1687 2280 Orl
1713 2248 1781 2290 pbr.
1806 2251 1838 2279 et
1867 2258 1935 2279 can.

643 2300 672 2330 h.
691 2300 790 2331 ecclic.
837 2300 965 2341 Rapoto
983 2301 1049 2333 dux
1062 2302 1224 2333 Wawarie
1251 2306 1283 2333 et
1300 2313 1380 2333 com.
1399 2301 1612 2343 palatinusw)
1633 2301 1688 2332 cfr.
1706 2311 1747 2340 n.⁷
1772 2301 1825 2341 qui
1848 2299 1937 2330 dedit

642 2351 732 2382 nobis
756 2352 864 2383 villam
888 2353 919 2383 in
938 2352 1161 2394 Chempnaten
1185 2364 1256 2385 cum
1280 2355 1348 2385 iure
1373 2353 1556 2384 advocacie.
1603 2357 1701 2384 Petrus
1718 2357 1858 2389 Pergauer
1873 2355 1934 2389 pbr.

386 2476 409 2507 ἃ)
430 2477 501 2507 Quae
519 2478 617 2510 desunt,
636 2488 733 2504 rasura
753 2486 810 2505 mm!
829 2482 959 2507 exstincta.

388 2562 406 2591 l)
428 2561 510 2594 Vulgo
525 2562 691 2596 Ranmnyns,
712 2564 751 2590 ob.
765 2573 840 2591 mmo
852 2566 951 2592 'incerto
964 2574 1030 2592 saec.
1043 2566 1092 2592 XI
1098 2566 1126 2592 V.
1216 2568 1236 2598 ²)
1258 2565 1304 2592 Ob.
1317 2574 1342 2592 a.
1359 2569 1419 2591 1417
1428 2572 1513 2590 mense
1524 2564 1636 2591 Martio.
1725 2565 1745 2597 ³)
1770 2563 1815 2589 Ob.
1828 2572 1853 2589 a.
1866 2567 1935 2595 1504,

282 2602 337 2628 dies
360 2611 415 2628 non
439 2607 548 2630 cmrstat.
655 2607 674 2637 4)
700 2607 746 2632 Ob.
764 2616 788 2633 α.
809 2612 878 2634 1439.
986 2611 1005 2640 ⁶)
1030 2609 1076 2635 Ob.
1095 2617 1119 2634 a.
1141 2612 1198 2635 915.
1305 2609 1325 2641 ⁸)
1349 2607 1394 2634 Ob.
1413 2616 1438 2634 α.
1457 2610 1528 2633 1382.
1635 2608 1655 2640 ⁷)
1676 2606 1721 2633 Ob.
1738 2615 1755 2631 α
1782 2610 1855 2635 1491,
1882 2606 1936 2631 dies

282 2654 339 2671 non
366 2648 477 2672 constat.
589 2648 610 2679 Β)
634 2648 699 2674 Dies
727 2651 928 2676 anniversarius
954 2651 991 2677 ad
1016 2652 1120 2677 nullum
1152 2651 1273 2677 Ulricum
1301 2653 1366 2677 certe
1392 2650 1488 2684 referri
1511 2652 1602 2683 potest.
1708 2651 1730 2681 ⁹)
1758 2648 1801 2675 Ob.
1822 2657 1846 2675 a.
1868 2652 1934 2675 1521.

285 2689 318 2720 ¹⁰)
342 2688 385 2714 Ob.
400 2697 425 2714 a.
440 2692 515 2714 1099.
