2054 2948
245 126 307 155 216
861 113 1043 141 DIOECESIS
1061 110 1282 139 LENTIENSIS.

605 203 807 235 Heinrieus
823 212 863 232 m.
903 198 1092 231 Chunradus
1114 197 1182 238 pbr.
1204 198 1237 227 et
1258 206 1299 226 m.
1322 195 1354 225 in
1370 194 1489 225 Altach
1509 193 1669 225 Inferiori.
1709 194 1769 226 Ob.
1783 194 1895 236 Agnes

605 253 724 285 smonlis
759 253 798 283 de
829 251 972 282 Secovia.
1037 248 1191 279 Richza.
1245 246 1364 277 Rihza
1403 245 1448 276 de
1488 244 1740 276 Lauterbach
1769 245 1894 276 vidua.

607 302 890 344 Chunegundis.
938 300 1139 332 Christina.
1190 301 1327 327 Iohannes
1346 300 1406 334 pbr.
1426 301 1455 326 eb
1474 308 1508 325 m.
1528 299 1556 325 in
1575 300 1730 333 Fornpach.
1767 299 1896 325 Erasmus

603 356 662 389 pbr.
683 356 711 380 et
735 363 768 379 m.
788 353 824 379 ad
842 353 898 378 Sum
918 352 1083 377 Emerauum
1107 348 1268 374 Ratisbone.
1311 346 1503 380 Sigismundus
1526 346 1587 380 pbr.
1606 348 1635 373 et
1653 356 1688 373 m.
1707 346 1737 372 in
1758 346 1896 373 Admund.

313 406 358 432 IV.
372 414 435 432 non.
488 404 511 431 2.
558 398 693 430 Sifridus
709 397 749 428 de
764 395 961 436 Neunburga
976 393 1045 435 pbr.
1060 396 1092 424 et
1105 403 1146 423 m.
1163 392 1182 422 i.
1199 391 1219 422 l.
1247 396 1408 429 Margareta
1419 389 1539 421 smonfifl.
1577 390 1770 421 Ainwicus
1791 400 1895 431 puer.

608 449 739 480 Gisila.

310 508 357 534 III.
371 515 431 534 non.
485 506 509 532 3.
555 499 830 532 Commemoraeio
866 498 998 528 fratrum
1038 495 1078 525 de
1112 493 1260 524 Inferiori
1295 492 1422 524 Altaeh.
1464 496 1606 522 Conradus
1621 497 1720 523 custos.
1752 495 1897 528 Iohannes5

608 549 794 577 Theodericus
806 548 866 582 pbri
887 549 916 573 et
934 547 969 572 mi
983 546 1017 572 ad
1033 546 1150 571 Auream
1165 544 1308 570 Coronam.
1340 543 1458 569 Adulfus
1476 542 1546 570 diac.
1578 543 1716 570 Iohannes
1730 552 1771 569 ον.
1785 543 1897 570 ibidem.

608 592 861 625 Gotschalcus
886 601 936 621 cv.
952 590 970 620 i.
986 590 1007 620 l.
1054 587 1290 620 Chuni-adu&
1336 587 1542 618 Ermricus.
1588 586 1776 618 Alhaidis.

326 653 433 678 ILnon.
486 645 521 676 4.'
556 644 744 677 Chunradus
766 643 835 684 pbr.
861 645 893 673 et
916 652 956 672 m,
979 642 1010 671 in
1034 640 1343 680 Pawngartenperg.
1390 641 1505 667 Georius
1523 641 1585 676 pbr.
1605 643 1634 668 et
1651 651 1686 668 m.
1705 641 1723 667 i.
1741 641 1757 667 1.
1800 637 1897 668 Wal-

609 696 752 726 ehunus
779 693 855 735 pbr.
886 695 922 724 et
948 703 990 722 m.
1050 690 1264 721 Perchtoldus
1301 690 1371 731 pbr.
1410 693 1442 721 et
1475 700 1516 720 m.
1553 689 1594 721 de
1629 689 1738 721 Obern
1770 688 1897 720 Altach.

606 746 823 777 Heinricus.
859 743 1062 774 Merbotus.
1093 744 1659 779 NicolausAxendorfferean.Sti01iti.
1697 739 1897 771 Gedrudis.

368 814 433 832 non.
487 803 511 830 5.
555 797 711 828 Martinus
734 796 802 837 pbr.
828 798 860 826 et
883 806 925 826 m.
942 794 980 825 de
1005 793 1331 834 Paurngartenperig.
1377 795 1545 822 Benedictus
1559 795 1676 829 Heysler
1689 795 1750 829 pbr.
1770 796 1798 822 et
1816 804 1851 821 m.
1866 794 1900 820 de

608 851 735 878 MedIIco.
772 850 944 884 Hilprandus
964 849 1026 875 abb.
1046 848 1075 874 in
1094 847 1266 882 Tegernse.¹)
1303 843 1479 874 Ortolfus
1496 843 1666 875 subdiac.
1704 842 1899 873 Wilherue

607 910 658 930 cv.
675 900 694 929 i.
710 898 730 929 l.
775 898 958 928 Mairinus
981 907 1083 938 puer.

275 957 352 984 VIII.
369 957 404 983 id.
487 956 510 982 6.
557 950 746 983 Chunradus
761 949 832 981 abb.
849 949 951 980 dictus
975 947 1069 979 Swab
1089 948 1106 978 i.
1123 947 1176 988 l.²)
1191 958 1221 988 p.
1237 958 1278 978 rn.
1333 950 1471 977 Aimricus
1499 950 1558 984 pbr.
1579 952 1608 977 et
1623 944 1693 976 ean.
1713 949 1747 976 de
1773 948 1900 975 Sekovia.

608 1001 837 1032 Walchunus
861 1010 911 1030 cv.
936 1001 955 1030 i.
972 999 991 1030 l.
1039 998 1272 1030 Chunradus.
1321 998 1561 1029 Chunradus.
1600 998 1770 1029 Bursarius
1793 997 1899 1028 servit.

609 1053 789 1084 Commune
814 1051 954 1082 officium
978 1061 1036 1092 pro
1062 1050 1230 1081 defunctis.

297 1110 355 1136 VII.
370 1110 406 1136 id.
488 1109 511 1135 7.
556 1104 720 1136 Michahel
742 1103 810 1144 pbr.
833 1107 865 1134 et
888 1113 929 1134 m.
951 1103 982 1133 in
1007 1101 1125 1133 Altaeh
1147 1101 1305 1132 Inferiori.
1361 1101 1520 1133 Ulrious
1543 1100 1622 1142 pbr.
1645 1103 1681 1132 et
1703 1111 1744 1131 m.
1796 1104 1901 1138 Caspar

610 1169 666 1187 acc.
685 1160 714 1186 in
731 1160 819 1186 Sewn.
865 1154 1060 1185 Arnoldus
1084 1154 1124 1184 fr.
1140 1164 1169 1184 n.
1216 1156 1356 1182 Erhardus
1369 1156 1428 1190 pbr.
1443 1157 1471 1182 et
1484 1165 1519 1182 m.
1534 1155 1562 1181 in
1582 1155 1706 1182 Gersten.
1737 1154 1901 1181 Franciscus

609 1211 669 1244 pbr.
688 1212 717 1237 el:
735 1219 769 1236 m.
789 1210 819 1236 in
839 1209 969 1236 Castello.
1006 1205 1211 1246 Duringus.
1259 1203 1486 1235 Chunradus.
1534 1206 1697 1233 chunradus
1715 1206 1775 1240 pbr.
1794 1207 1822 1232 et
1841 1214 1901 1232 can.

608 1258 636 1284 in
650 1257 792 1291 Nfiburga.
824 1257 960 1283 Iohannes
980 1256 1051 1283 diac.
1066 1256 1178 1282 ibidem.
1206 1257 1287 1281 Anna
1301 1255 1426 1286 Dexerin,
1447 1255 1539 1289 Agnes
1553 1253 1768 1288 Mulbangerinn
1789 1254 1901 1280 smonles

608 1302 635 1326 in
655 1300 898 1326 Trawncliirehen.

311 1350 357 1375 VI.
372 1349 407 1375 id.
490 1350 514 1375 S.
559 1345 714 1376 Martinus
742 1344 813 1386 pbr.
839 1348 870 1375 et
894 1354 961 1374 can.
983 1343 1022 1374 de
1047 1342 1253 1384 Neunburga.
1315 1341 1482 1383 Seyfridus
1509 1341 1582 1372 abb.
1604 1342 1636 1372 in
1659 1340 1902 1381 Altenburch.³)

610 1395 777 1422 Chodericus
805 1395 865 1428 pbr.
887 1396 915 1420 et
943 1404 977 1420 m.
997 1394 1025 1419 iu
1052 1394 1084 1419 Sa
1111 1393 1205 1419 Cruce.
1257 1393 1381 1419 Andreas
1410 1392 1610 1419 Mattschawer
1643 1391 1702 1425 pbr.
1729 1393 1758 1417 et>
1782 1399 1840 1417 can.
1866 1391 1902 1417 ad

608 1442 663 1468 Sum
676 1442 829 1475 Ypolimm.
866 1438 1070 1479 Rudgerus
1090 1448 1140 1468 cv.
1156 1438 1175 1467 i.
1192 1437 1210 1467 l.
1249 1436 1474 1468 Ohunradus
1494 1435 1665 1467 scolaris.
1703 1434 1900 1465 Richerus.

611 1490 844 1521 Werhardus.
891 1489 1060 1520 Hemma.

328 1545 360 1572 V.
374 1545 410 1571 id.
493 1545 516 1570 9.
563 1544 717 1570 Friderieus
736 1544 796 1578 pbr.
811 1546 838 1569 et
858 1553 892 1570 m.
906 1544 934 1569 in
955 1544 1125 1577 Oberburga.
1163 1539 1316 1570 Ull·icus
1333 1538 1446 1579 abb.4)
1467 1549 1496 1579 p.
1510 1549 1563 1577 m.‚
1583 1542 1727 1569 fratruelis
1744 1542 1820 1568 beati
1836 1542 1901 1568 Ber-

611 1595 680 1621 toIdi
695 1595 770 1621 abbiS
785 1595 817 1621 de
832 1595 972 1621 Gerstenn.
1011 1592 1100 1622 Otto
1123 1591 1289 1622 subdiac.
1306 1591 1325 1621 i.
1343 1591 1363 1621 l.
1404 1589 1508 1629 Otto,
1532 1589 1761 1620 Benedictus
1785 1589 1901 1630 pueri.

615 1643 848 1674 Chunradus.
896 1647 1093 1681 wolfgangus.
1118 1646 1313 1679 Marquardus,
1338 1644 1497 1677 Heinricus,
1522 1644 1658 1670 Iohannes
1683 1644 1744 1677 pbri
1768 1646 1796 1670 et
1818 1644 1853 1669 mi
1872 1643 1901 1669 in

615 1693 749 1720 Admfind.
788 1694 946 1728 Stephanus
965 1703 1021 1720 ace.
1041 1694 1152 1720 ibidem.
1192 1694 1376 1723 Hei-mannus,
1401 1692 1549 1722 Iohannes,
1572 1691 1708 1718 Iohannes
1728 1691 1768 1717 cvi
1790 1691 1901 1717 ibidem.

612 1737 694 1763 Clara
713 1738 820 1763 smonlis
839 1737 951 1763 ibidem.
989 1737 1201 1763 Bartsholomeus
1221 1736 1358 1770 quondam
1379 1744 1457 1769 ppos.
1477 1735 1503 1760 in
1522 1734 1734 1768 Newuburga.⁶)

312 1783 358 1809 IV.
372 1783 407 1810 id.
472 1783 512 1810 10.
557 1780 717 1811 Diem-icus
735 1780 836 1811 dictus
850 1780 1117 1821 Stoyczendorfer
1132 1780 1201 1821 pbr.
1214 1783 1246 1811 et
1262 1790 1330 1810 ean.
1344 1779 1383 1810 de
1401 1779 1437 1810 8⁰
1450 1778 1610 1809 Floriano.
1641 1777 1902 1817 Erchingerus

611 1832 687 1872 pbr.
714 1835 751 1862 et
780 1842 821 1863 m.
883 1832 1074 1872 Duringus
1105 1832 1278 1862 scolaris.
1340 1831 1443 1861 Iutta
1473 1835 1541 1861 eva.
1602 1829 1747 1870 Syfridus
1784 1828 1900 1859 Snedo.

612 1883 748 1909 Iohannes
767 1883 842 1916 prior
861 1886 889 1909 et¹
908 1892 942 1909 m.
963 1883 991 1909 in
1011 1883 1139 1916 Scheyrn.
1178 1882 1340 1908 Chunradus
1359 1882 1419 1916 pbr.
1439 1890 1482 1911 m..
1502 1880 1639 1907 Iohannes
1658 1889 1699 1906 cv.
1714 1879 1825 1906 ibidem.

319 1930 367 1955 III.
382 1930 417 1956 id.
484 1931 523 1956 11.
569 1925 645 1957 Otto
677 1937 722 1956 ev.
748 1926 787 1957 de
811 1926 1124 1967 Paumgartenperg.
1176 1926 1253 1956 Otto
1284 1925 1354 1966 pbr.
1380 1928 1412 1956 et
1435 1935 1476 1955 m.
1498 1925 1529 1954 in
1553 1923 1762 1954 Altenbureh.
1809 1922 1902 1954 Her—

613 1989 767 2008 mannus
783 1978 858 2018 pbr.
878 1981 914 2008 et
934 1989 974 2008 m.
993 1979 1011 2008 i.
1029 1978 1048 2008 l.
1081 1977 1245 2008 Erhardus
1262 1977 1335 2008 abb.
1350 1976 1442 2008 monii
1459 1975 1726 2015 Gerstenensis.⁶)
1764 1974 1901 2015 Pilgri-

613 2039 690 2059 mus
715 2040 764 2060 cv.
791 2032 827 2060 et
850 2040 890 2060 m.
937 2029 1152 2060 Gotsaleus.
1198 2028 1398 2060 Chunradus.
1446 2026 1586 2068 Sophya.

329 2082 362 2108 II,
376 2082 412 2108 id.
478 2083 516 2108 12.
563 2083 742 2110 wolfhardus
762 2084 821 2117 pbr.
840 2086 869 2110 et
888 2093 946 2110 can.
967 2084 999 2110 de
1019 2084 1186 2118 Swaolito.
1229 2082 1411 2109 Wolfhardus
1435 2082 1496 2116 pbr.
1514 2083 1542 2107 et
1562 2090 1596 2106 m.
1610 2081 1636 2106 h.
1651 2081 1669 2107 1.
1713 2076 1903 2108 Rudolfus

614 2131 879 2163 Hsisendorfer
902 2132 979 2173 pbr.
999 2136 1035 2163 et
1051 2143 1091 2163 m.
1138 2132 1326 2172 Leupoldus
1350 2130 1436 2172 pleb.
1483 2129 1708 2160 Reinherue.
1756 2127 1903 2159 Chune-

615 2182 758 2223 gundis.
804 2183 992 2214 Alliaidis.

376 2236 412 2262 id.
478 2236 519 2262 13.
564 2237 681 2263 Iacobus
701 2237 759 2270 pbr.
774 2240 801 2264 et
821 2246 882 2264 ean.
896 2238 928 2264 de
948 2238 980 2264 So
995 2238 1132 2265 Floriano.
1169 2235 1401 2275 Wesgrimus
1425 2233 1502 2274 pbr.
1521 2236 1558 2264 et
1574 2243 1614 2263 m.
1632 2233 1651 2262 i.
1669 2232 1688 2262 l.
1721 2231 1903 2262 Heinrieus.

614 2284 770 2315 Alhaidis.
831 2285 1043 2316 Heinricus.
1104 2286 1292 2316 Alhaidis.
1359 2284 1598 2325 Chunegundis.
1663 2282 1902 2323 Chunegundis.

616 2334 779 2361 chunradus
806 2336 893 2369 prior,
918 2336 1066 2368 Iohannes,
1089 2336 1243 2370 Nycolaus,
1270 2336 1419 2368 Iohannes,
1449 2334 1575 2367 Georius,
1603 2334 1747 2361 Albertus.
1772 2333 1902 2365 Andreas,

617 2377 728 2405 Paulus.
748 2377 941 2411 wolfhardus,
966 2379 1104 2405 Fridricus
1132 2380 1193 2413 pbri
1213 2381 1241 2405 et
1264 2380 1300 2404 111i
1320 2379 1353 2405 de
1376 2378 1408 2405 S0
1424 2378 1578 2404 Lamberto.
1623 2377 1760 2403 Iohannes
1778 2375 1903 2402 subdiac.

616 2419 764 2451 Nycolaus,
785 2420 850 2446 Otto
871 2422 912 2447 cvi
932 2421 1043 2447 ibidem.

267 2464 364 2490 XVIII.
379 2464 434 2490 kal.
480 2466 519 2491 14.
565 2465 682 2491 Iacobus
701 2467 763 2493 abb.
778 2467 805 2492 in
824 2467 986 2500 Mannseeff)
1022 2464 1170 2504 Rugerus
1187 2476 1249 2495 sae.
1284 2465 1454 2495 Dietricus.
1486 2464 1612 2494 Petrus.
1644 2462 1760 2503 Eppo.
1800 2462 1902 2493 Hein-

615 2513 706 2543 ricus.
766 2513 958 2555 Margareta.
1022 2515 1226 2546 Perhtoldus.
1291 2516 1422 2546 Hailka.
1482 2514 1639 2546 Alhaidis.
1699 2513 1902 2553 Bilwirgis.

619 2562 892 2596 Oommemoraeio
917 2566 1125 2597 fraternitatis
1149 2567 1188 2598 de
1212 2567 1361 2598 Inferiori
1383 2566 1511 2598 Altahc.
1555 2565 1694 2606 Singulis
1717 2565 1807 2596 annis
1832 2567 1905 2605 post

364 2680 384 2712 ¹)
406 2679 451 2706 Ob.
464 2689 489 2706 α.
503 2684 575 2706 1446.
682 2683 702 2714 ²)
726 2682 769 2708 Ob.
784 2692 808 2709 a.
823 2687 893 2709 1363.
1001 2686 1021 2716 ³)
1038 2685 1133 2711 Utrum.
1146 2685 1187 2712 II.
1209 2685 1257 2718 (ob.
1268 2689 1329 2718 post
1345 2687 1421 2717 1384)
1440 2693 1478 2710 an
1492 2684 1550 2710 111.
1565 2684 1616 2717 (ob.
1633 2692 1654 2710 c.
1667 2692 1692 2709 α.
1707 2684 1782 2717 1392)
1795 2683 1904 2708 dubium

236 2733 240 2735 ·
259 2724 302 2748 est.
408 2724 428 2755 ⁴)
451 2722 662 2756 Oremv'funensi&
683 2724 843 2751 ob.c1.118;>.
955 2729 975 2752 δ’)
1000 2727 1043 2753 Ob.
1058 2737 1082 2753 a.
1098 2732 1165 2755 1413.
1283 2729 1302 2760 ⁶)
1326 2728 1371 2754 Ob.
1389 2730 1448 2760 post
1467 2730 1578 2753 &1361
1692 2727 1714 2758 ⁷)
1735 2725 1778 2751 Ob.
1793 2734 1818 2752 (ι,
1833 2729 1902 2751 1415.
