2054 2948
177 181 211 208 V.
225 181 281 208 kal.

164 351 212 377 IV.
225 351 281 377 kal.

163 521 213 549 ΙΙΙ.
226 521 282 548 kal.

180 777 214 804 11.
227 777 284 804 kal.

230 1094 286 1121 kal.

168 1350 214 1376 Vl.
229 1359 291 1377 non.

186 1479 220 1506 V.
234 1487 296 1506 non.

175 1692 222 1719 lv.
236 1702 296 1719 non.

176 1994 224 2020 HI.
238 2002 300 2020 non.

188 2250 221 2276 ΙΙ.
234 2257 296 2276 non.

327 181 368 206 27.

327 350 366 377 28.

329 777 370 804 30.

346 1351 370 1377 2.

351 1694 375 1718 4.

355 1994 378 2018 5.

351 2244 376 2275 6.

676 89 941 118 NECROLOGIUM
960 88 1176 116 ASBACENSE.
1711 92 1750 121 97

412 179 596 212 Hieronymus
616 177 675 211 pbr.
694 178 722 202 et
741 186 775 202 m.
789 176 817 202 in
837 175 1059 201 Nidernaltaich.
1096 174 1125 200 Ρ.
1140 174 1371 201 Bartholomaeus
1392 174 1419 199 in
1439 174 1619 201 osterhoven.
1655 175 1753 201 Petrus

463 222 523 256 pbr.
554 221 597 246 Fr.
611 219 762 246 Henerieus
781 229 815 244 m.
847 218 966 245 Perchta
986 227 1011 244 n.
1025 226 1047 243 c.
1062 222 1117 244 eva.
1149 217 1308 243 P.Ioan11es
1327 226 1352 242 n.
1367 225 1389 242 e.
1422 217 1580 243 Leonardus
1600 217 1628 243 in
1646 218 1754 244 Alders-

460 264 542 299 pach.
574 263 604 289 R.
616 263 647 288 D.
659 262 799 288 Com-fidus
812 261 930 287 Selii-adt
945 269 1022 294 ppos.
1034 260 1061 285 in
1071 259 1293 291 Waldhauseu.¹)
1322 259 1350 285 P.
1362 259 1494 285 Albertus
1507 259 1535 284 in
1546 259 1754 286 Obernaltaich.

463 307 580 333 Iacobus
598 305 729 331 Schnizer
747 305 805 330 dec.
820 304 855 329 ad
874 303 929 329 ΞΜ]
950 302 1116 335 Nicolaum]

412 349 570 376 Leonardus
590 349 648 382 pbr.
663 349 691 373 et
710 357 745 373 m.
759 347 787 372 in
801 345 1023 372 Nidernaltaich.
1060 344 1194 379 Georgius
1209 344 1272 370 abb.
1288 344 1316 369 in
1332 344 1518 375 F01·mbaeh.²)
1556 344 1672 370 loannes
1685 345 1756 372 diac.

462 392 631 418 Wilhelmus
650 391 749 416 novius.
786 389 826 423 [Ρ.
840 388 1007 415 Benedictus
1028 388 1056 413 in
1073 387 1153 413 Seon.
1191 387 1220 412 P.
1235 387 1363 412 Erasmus
1377 387 1486 412 Mauser
1505 386 1533 412 in
1548 386 1756 414 Obernaltaieh.

462 435 506 461 Fr.
518 434 689 468 Augustinus
704 431 932 458 Haidtenthaller
946 431 980 457 ad
995 431 1051 456 Sum
1066 430 1186 457 Petrum.
1220 430 1248 455 P.
1263 429 1430 456 Guilielmus
1444 429 1598 456 Fuesteller
1617 430 1644 455 in
1658 430 1757 457 Prfive-

462 477 538 511 ning.
570 477 601 502 R.
614 477 643 502 D.
654 476 747 502 Simon
762 475 821 501 Z'otl
835 483 914 508 ppos.
925 474 952 500 in
964 474 1070 505 Roh1·.³)
1103 473 1131 499 P.
1144 472 1306 498 Franciseus
1320 472 1523 498 Priesdeneckh
1537 472 1565 498 in
1580 473 1756 506 Altenburg.]

414 520 572 547 Leonardus
595 520 654 553 pbr.
673 520 701 545 et
727 527 786 545 can.
807 517 842 544 ad
863 518 919 543 Sum
940 517 1094 543 Nicolaum.
1136 515 1277 542 Conradus
1296 516 1357 548 pbr.
1377 517 1405 540 et
1424 524 1458 540 m.
1500 514 1540 548 [P.
1556 514 1712 542 Leonardus
1729 516 1758 542 in

464 563 542 589 Seou.
579 561 737 588 Leonardus
756 561 846 587 novius
866 561 894 586 in
913 560 1042 585 Admont.
1079 559 1182 585 Paulus
1202 567 1242 584 cv.
1256 558 1282 583 in
1304 557 1515 584 Obernaltaieh.
1552 558 1581 584 P.
1596 558 1711 584 Ioannes
1730 558 1758 584 in

466 606 585 632 Monsee.
621 605 741 631 Thomas
761 603 820 638 pbr.
835 605 863 629 et
877 612 935 629 ean.
950 603 978 628 iu
992 602 1193 628 Waldhausen.
1230 601 1260 628 P.
1274 601 1432 634 Stephanus
1450 600 1477 626 in
1492 600 1757 634 Weichenstephan.

462 650 495 676 D.
514 649 628 674 Ioannes
653 647 908 680 Scheiehenberger
931 645 1068 679 parochus
1093 645 1120 670 in
1139 644 1405 677 Weichenstephan.
1447 644 1476 670 P.
1494 643 1643 677 Gregorius
1662 644 1759 670 Prant-

465 693 564 718 stetter
583 691 610 716 in
630 691 730 717 Melck.
767 690 798 716 D.
814 690 980 716 Valentinus
999 689 1062 715 abb.
1076 688 1213 720 ibidem.⁴)
1250 687 1423 721 Augustinus
1443 687 1513 713 Preii
1534 687 1593 720 pbr,
1608 688 1636 713 et
1656 696 1714 713 ean.
1731 687 1758 713 in

463 734 638 767 Novacella]

415 777 583 804 Wernherus
607 786 641 802 m.
686 775 834 802 Henericus
860 785 885 801 n.
903 784 925 801 c.
946 775 1006 808 pbr.
1028 776 1056 801 et
1081 783 1114 799 m.
1158 774 1274 799 Ioannes
1298 773 1492 800 Uttenthaller
1518 773 1577 807 pbr.
1599 775 1627 799 et
1651 781 1710 799 ean.
1730 773 1759 798 in

467 819 676 853 Reichersperg.
713 818 886 852 Augustinus
906 817 982 843 Fries
1007 817 1078 844 (liae.
1097 817 1131 843 ad
1151 816 1207 842 Sum
1227 816 1384 842 Nicolaum.
1423 816 1474 849 [Fr.
1489 816 1625 842 Achatius
1645 815 1759 849 Lampel

466 862 494 888 in
509 862 668 895 Privening.
699 861 838 887 Erhardus
853 860 1012 886 Oberhover
1029 860 1088 893 pbr.
1103 862 1132 886 et
1145 868 1178 884 in.
1193 859 1222 884 in
1237 858 1463 885 Nidernaltaich.
1495 858 1524 885 P.
1535 858 1657 884 Adamas
1671 859 1760 884 Kraus

467 905 494 931 in
514 905 627 938 Sheyrn.
665 905 694 930 P.
709 904 846 930 Robertus
866 903 1037 937 Heigrueber
1055 902 1083 928 in
1103 902 1221 934 ZwettH

816 1017 1052 1053 OCTOBER.

418 1093 511 1120 Simon
536 1102 561 1119 n.
580 1101 601 1119 c.
623 1093 683 1126 pbr.
702 1094 730 1118 et
754 1101 788 1118 m.
830 1090 964 1125 Aegidius
987 1090 1046 1123 pbr.
1068 1092 1096 1115 et
1120 1098 1154 1115 m.
1174 1089 1201 1115 in
1228 1089 1449 1116 Nidernaltaieh.
1491 1089 1612 1116 Gerboto
1635 1099 1660 1115 n.
1680 1098 1702 1116 c.
1719 1099 1761 1116 CV.

468 1137 584 1162 Ioannes
606 1135 670 1161 abb.
689 1135 724 1160 ad
742 1134 798 1160 S¹¹¹¹¹
819 1134 1023 1163 Emeramnm.⁵)
1066 1133 1105 1166 [P.
1120 1132 1235 1158 Ioannes
1259 1132 1288 1157 in
1307 1132 1426 1158 Monsee.
1470 1132 1510 1157 Fr.
1526 1131 1640 1158 Carolus
1661 1132 1763 1158 Rainer

468 1179 493 1204 in
511 1178 720 1211 Reichersperg.
759 1177 788 1202 l‘.
802 1176 968 1202 Benedictus
988 1175 1023 1201 ad
1041 1175 1097 1200 Sum
1112 1175 1294 1201 Emeramum.
1332 1174 1430 1200 Iannes
1445 1174 1552 1200 Zollner
1570 1174 1628 1201 dec.
1642 1174 1670 1200 in
1685 1174 1762 1201 Gars.

468 1221 498 1247 R.
509 1221 540 1246 D.
551 1220 766 1253 Christophorus
779 1219 842 1245 abb.
854 1219 881 1244 in
895 1219 994 1250 Rotw)
1018 1218 1155 1244 Martinus
1165 1217 1226 1243 Sint
1240 1217 1315 1250 prior
1329 1217 1356 1242 in
1368 1217 1577 1243 Obernaltaieh.
1603 1217 1630 1242 P.
1641 1217 1762 1244 Michael

467 1265 547 1297 Mayr
566 1264 593 1290 in
607 1264 677 1290 Attl.
710 1262 875 1289 Elisabetha
890 1262 995 1288 Ioanna
1008 1261 1192 1294 supprior-issa
1206 1261 1233 1286 in
1249 1260 1435 1293 Nidernburg.
1467 1260 1623 1286 Alexander
1636 1260 1763 1294 Mensing

468 1307 526 1340 pbr.
542 1309 570 1334 et
589 1315 649 1333 ean.
665 1304 1038 1338 claustro-Neoburge11sis.]

416 1350 572 1377 Fridericus
591 1359 615 1376 n.
631 1359 653 1376 c.
667 1349 726 1382 pbr.
741 1351 768 1375 et
789 1358 822 1374 m.
861 1348 1032 1374 Hermannus
1051 1347 1110 1380 pbr.
1126 1348 1152 1372 et
1173 1355 1206 1371 m.
1246 1346 1362 1372 loannes
1378 1345 1482 1371 Sessler
1501 1345 1564 1371 abb.
1578 1344 1603 1370 Si
1618 1345 1763 1379 Georgii.⁷)

469 1393 507 1427 [P.
519 1393 663 1419 Oswaldus
678 1392 845 1418 Carthauser
858 1392 887 1417 et
900 1391 929 1417 P.
942 1391 1110 1416 Hartmanus
1121 1389 1237 1415 Werndl
1253 1388 1355 1414 ibidem
1371 1388 1453 1422 profi.
1482 1388 1510 1414 Ρ.
1522 1388 1659 1414 Matthias
1670 1388 1762 1414 Wank

469 1436 497 1462 in
511 1436 640 1468 Scheyrn.
673 1435 847 1461 panthaleon
863 1434 943 1467 Bayr.
964 1433 1130 1459 Benedictus
1144 1432 1252 1458 Dietter
1272 1431 1331 1465 pbri
1351 1434 1378 1458 et
1397 1431 1456 1456 cani
1476 1431 1511 1456 acl
1525 1431 1581 1456 Sum
1597 1431 1763 1463 Nicolaum]

419 1479 550 1506 Albertus
570 1487 637 1504 com.
652 1478 685 1504 de
706 1477 781 1503 Hals.
820 1477 860 1510 [P.
875 1476 1003 1502 Erasmus
1022 1476 1057 1502 ad
1077 1475 1132 1501 Sum
1147 1474 1330 1501 Salvatorem.
1368 1473 1397 1499 P.
1412 1473 1515 1499 Paulus
1534 1474 1624 1499 senior
1643 1473 1671 1499 in
1690 1473 1764 1500 Mon-

470 1530 522 1548 see.
566 1521 608 1548 Fr.
623 1521 781 1547 Leonardus
801 1520 835 1546 ad
856 1520 911 1545 Sum
932 1519 1051 1545 Petrum.
1096 1518 1124 1543 P.
1140 1518 1278 1551 Casparus
1298 1517 1432 1550 Dreyling
1452 1517 1487 1542 ad
1506 1518 1562 1542 *gum
1583 1517 1765 1543 Emeramum.

470 1565 501 1591 D.
514 1564 700 1598 XVoll'gangus
713 1564 835 1589 Strasser
854 1571 931 1596 ppos.
946 1562 973 1587 in
989 1562 1113 1591 Subenf)
1145 1560 1311 1586 Laurentius
1325 1560 1469 1585 Schworer
1489 1568 1528 1585 cv.
1542 1559 1577 1585 ad
1591 1559 1646 1584 Sum
1662 1559 1764 1592 Hippo-

469 1607 567 1640 lytum.
604 1607 647 1633 Fr.
663 1606 822 1632 Edmundus
842 1606 1019 1637 Mitterma-yr
1038 1605 1066 1630 in
1087 1603 1308 1630 Nidernaltaich.
1347 1602 1562 1635 Christophorus
1578 1602 1687 1628 Hueber
1706 1603 1765 1636 pbr.

471 1653 499 1677 et
518 1659 578 1676 can.
592 1650 620 1675 in
642 1649 835 1683 Beyliarting.]

421 1693 544 1719 Andreas
564 1693 622 1726 pbr.
636 1695 664 1719 et
679 1701 737 1718 can.
752 1692 779 1717 in
794 1691 972 1717 Osterhoven.
1005 1689 1198 1723 Sigismnndus
1212 1697 1271 1714 can.
1286 1688 1313 1713 in
1330 1687 1539 1721 Reiohersperg.
1571 1687 1610 1721 [P.
1626 1687 1766 1714 Conradus

472 1735 499 1761 in
520 1736 635 1761 Metten.
673 1735 714 1760 Fr.
728 1733 909 1760 Sebastianus
929 1733 956 1758 in
973 1733 1087 1766 Biburg.
1125 1732 1154 1758 P.
1168 1731 1291 1757 Ananias
1311 1731 1338 1756 in
1354 1730 1429 1756 Rom.
1467 1730 1601 1763 Georgius
1615 1730 1682 1756 Ekel
1702 1730 1765 1756 abb.

472 1779 499 1804 iu
525 1778 714 1811 Pruveniug.1·>
756 1777 877 1803 Thomas
902 1775 1100 1809 Seillinberger
1123 1775 1182 1808 pbr.
1206 1777 1234 1800 et
1260 1783 1319 1800 can.
1340 1773 1367 1798 iu
1388 1773 1587 1799 Waldhausen.
1631 1772 1766 1807 Georgius

473 1821 561 1848 Resch
582 1822 640 1854 pbr.
658 1823 685 1847 et
704 1829 764 1846 can.
778 1820 812 1846 ad
832 1820 887 1845 Sum
903 1819 1057 1845 Nicolaum.
1094 1819 1176 1843 Anna
1190 1816 1403 1850 Schlepergerin
1424 1820 1471 1841 eva
1490 1815 1519 1841 in
1533 1815 1676 1850 Nunberg.
1707 1816 1765 1842 Ste-

472 1865 581 1898 phanus
601 1864 784 1897 Weinberger
808 1863 868 1896 pbr.
888 1864 917 1888 et,
941 1871 999 1887 can.
1020 1861 1047 1887 in
1068 1861 1198 1893 Weyarn.
1237 1860 1265 1886 P.
1281 1859 1471 1885 Ferdinandus
1490 1858 1588 1884 Meller
1610 1858 1638 1884 in
1658 1858 1766 1885 Zwettl.

473 1907 502 1933 P.
516 1907 637 1933 Michael
649 1906 741 1932 Sturm
761 1905 796 1931 ad
809 1905 905 1931 Scotos
917 1904 1049 1930 Viennae.
1081 1903 1110 1929 P.
1121 1902 1286 1929 Guilielmus
1305 1902 1425 1928 Strasser
1444 1901 1472 1926 in
1487 1900 1613 1927 Garsten.
1645 1900 1674 1927 P.
1685 1900 1766 1927 Geor-

474 1949 536 1983 gius
556 1949 639 1975 Kedtl
659 1949 694 1975 ad
714 1949 769 1974 Sum
790 1948 982 1980 Emeramum.]

424 1992 575 2019 Henerieus
600 1992 660 2025 pbr.
683 1994 711 2018 et
739 2001 772 2017 m.
796 1991 824 2017 in
852 1989 1058 2017 Reichenbach.
1104 1987 1296 2022 Sigismundus
1328 1987 1387 2020 pbr.
1415 1987 1443 2012 et
1468 1994 1503 2011 m.
1530 1985 1558 2010 iu
1585 1984 1766 2018 Alderspach.

473 2035 512 2069 [P.
531 2035 714 2061 Cos-bimanus
740 2035 768 2060 in
793 2034 956 2067 Ebersperg.
998 2033 1027 2059 P.
1046 2032 1206 2058 Dominicus
1230 2030 1258 2056 in
1278 2030 1381 2055 Andex.
1425 2027 1581 2054 Ber-nardus
1602 2028 1767 2062 Bogenzaun

474 2078 534 2111 pbr.
552 2079 580 2104 et
599 2087 634 2103 m.
654 2077 680 2103 in
699 2077 830 2109 Scheyrn.
867 2076 991 2102 Andreas
1010 2075 1117 2100 Woller
1139 2076 1166 2100 et
1185 2073 1320 2107 Georgius
1339 2072 1418 2105 Mayr
1438 2071 1541 2097 ibidem
1561 2071 1610 2097 evi.
1648 2070 1690 2096 Fr.
1704 2070 1767 2096 Ber-

474 2121 576 2146 nardus
591 2120 731 2146 Ruelandt
751 2120 778 2145 in
793 2119 871 2145 Seon.
902 2119 931 2145 P.
945 2117 1091 2145 oswaldus
1103 2117 1167 2142 Sam
1187 2116 1260 2150 prior
1279 2115 1307 2141 in
1320 2114 1482 2141 Novacella.
1515 2113 1637 2139 Adamus
1650 2112 1768 2139 Huetter

475 2165 503 2190 et
522 2163 646 2189 Andreas
666 2162 818 2188 Zimerman
845 2162 903 2195 pbri
923 2163 951 2187 et
974 2161 1008 2186 mi
1028 2160 1056 2186 in
1076 2159 1298 2186 Nidernaltaieh.
1343 2158 1460 2184 Ioannes
1480 2157 1564 2182 Dolar
1583 2156 1642 2189 pbr.
1660 2157 1688 2182 et
1707 2164 1767 2181 ean.

475 2206 511 2232 ad
530 2205 585 2232 Sum
605 2205 798 2238 Hippolytum.
836 2205 947 2231 Maurus
968 2204 1150 2236 Rambsmayr
1169 2212 1194 2228 n.
1209 2211 1231 2228 c.
1245 2202 1306 2235 pbr.
1320 2204 1348 2227 et
1367 2201 1413 2234 nn]

421 2249 560 2276 Adalbero
574 2250 667 2281 eps.¹⁰)
700 2249 739 2281 [P.
753 2247 888 2274 Martinus
909 2247 935 2273 in
950 2246 1173 2273 Nidernaltaich.
1205 2245 1331 2271 Ebranus
1351 2253 1376 2269 n.
1391 2252 1412 2270 c.
1427 2252 1467 2269 ev,
1500 2242 1628 2268 Urbanus
1641 2241 1768 2267 Erasmus

476 2291 562 2323 Meyr,
582 2291 722 2317 Romanus
741 2291 851 2317 Schottl
872 2291 930 2323 pbri
950 2292 978 2316 ot
998 2290 1033 2315 mi
1052 2289 1080 2315 in
1099 2290 1192 2315 Monte
1212 2289 1232 2314 si
1247 2286 1368 2320 Georgii.
1406 2286 1435 2312 P.
1449 2287 1541 2311 Aaron
1560 2285 1587 2310 iu
1606 2283 1768 2310 Formbach.

476 2335 503 2360 P.
522 2335 686 2361 Lambertus
705 2334 732 2360 in
753 2336 830 2360 Seon.
868 2333 1048 2360 Sebastianus
1068 2332 1162 2366 Krueg
1180 2332 1239 2357 dec.
1257 2331 1285 2356 in
1305 2329 1457 2357 chiemsee.
1495 2329 1610 2354 Ioannes
1629 2329 1658 2354 et
1677 2328 1768 2360 Augu-

476 2377 565 2403 stinus
578 2377 705 2403 Brunner
718 2377 777 2410 pbri
792 2378 820 2402 et
833 2377 893 2403 eani
907 2377 936 2402 in
949 2375 1048 2402 Suben.
1077 2376 1105 2401 P.
1117 2374 1298 2401 Sebastianus
1312 2372 1456 2398 Zainicher
1470 2371 1496 2397 in
1508 2371 1583 2396 Rott.
1612 2370 1641 2396 P.
1653 2370 1768 2396 Ioannes

476 2420 601 2446 Plfiemel
624 2429 680 2446 sen.
700 2419 727 2445 in
754 2419 962 2446 Obernaltaich.
1007 2418 1160 2444 Bernartius
1185 2417 1244 2450 pbr.
1288 2416 1318 2442 P.
1336 2414 1492 2441 Alexander
1514 2413 1649 2439 Lindt-ner
1668 2411 1768 2439 Cremi-

478 2463 598 2489 fanensis
611 2463 618 2495 ]

224 2577 242 2608 ²)
264 2576 309 2602 Ob.
324 2584 348 2601 (ι.
360 2578 429 2602 1530.
519 2576 538 2607 ²)
558 2575 651 2601 Huius
664 2575 781 2600 nominis
795 2574 826 2606 1.,
846 2574 884 2599 ob.
896 2582 920 2599 ιι.
933 2576 1005 2599 1438.
1095 2573 1115 2604 ³)
1139 2571 1184 2597 Ob.
1196 2574 1300 2597 (ι,1668.
1390 2570 1412 2602 ⁴)
1433 2568 1512 2595 Ob.a.
1526 2570 1597 2593 1676.
1686 2568 1705 2597 ὗ)
1726 2565 1768 2590 10-

116 2619 218 2645 hcwmes
237 2619 290 2651 ΙΙ,,
314 2619 353 2645 ob.
366 2627 391 2645 a.
405 2622 475 2645 1493.
583 2619 603 2650 Β)
622 2618 687 2644 Dies
706 2617 797 2643 anniv.
814 2625 897 2649 neque
915 2615 952 2641 acl
966 2615 1085 2648 priorem
1104 2614 1152 2646 (ob.
1167 2623 1192 2640 ιι.
1206 2617 1279 2645 1595,
1301 2612 1354 2638 Oct.
1370 2614 1411 2645 16)
1432 2619 1512 2643 neque
1530 2609 1567 2635 ml
1585 2609 1696 2634 alterum
1716 2607 1766 2639 (oh.

118 2670 143 2688 (ι.
158 2665 228 2694 1684,
249 2662 304 2688 Oet.
318 2662 363 2694 18)
386 2664 450 2688 certe
473 2661 567 2695 referri
587 2664 678 2694 potest.
785 2661 805 2692 ⁷)
824 2659 868 2685 Ad
891 2667 966 2691 quem
988 2657 1152 2690 rem-endum
1176 2657 1221 2688 sit,
1249 2656 1377 2681 incertum
1396 2662 1448 2680 esse
1467 2653 1575 2680 ridetur.
1682 2652 1702 2683 s)
1724 2649 1768 2675 Ob.

117 2714 142 2731 a.
158 2708 233 2731 1602.

339 2706 360 2737 ⁹)
384 2704 429 2732 Ob.
443 2713 467 2730 α.
482 2708 548 2732 1525.
656 2706 688 2737 ¹⁰)
708 2703 914 2736 Hei-bipolensi&
934 2702 972 2728 ob.
986 2710 1010 2727 (ι.
1028 2705 1100 2728 1090.

224 2755 308 2783 Nmz.
321 2756 489 2783 ALDERSBAC.
506 2761 553 2782 etc.
1532 2747 1562 2772 13
