2054 2948
274 96 336 132 344

323 263 384 290 VII.
398 263 435 289 id.

336 518 384 544 VI.
398 518 435 544 id.

355 773 387 799 V.
402 772 438 798 id.

338 1029 385 1056 IV.
399 1029 434 1055 id.

335 1244 385 1270 III.
399 1242 436 1268 id.

353 1456 387 1483 II.
401 1456 437 1482 id.

400 1585 436 1611 id.

287 1840 387 1867 XVIII.
401 1841 458 1867 kal.

302 2011 389 2038 XVII.
403 2011 458 2038 kal.

318 2351 390 2377 XVI.
405 2351 460 2377 kal.

503 1028 542 1054 10.

503 1243 544 1268 11.

504 1456 543 1482 12.

504 1585 543 1611 13.

505 1842 544 1867 14.

505 2012 545 2038 15.

508 2352 546 2377 16.

886 87 1072 115 DIOECESIS
1091 86 1315 114 LENTIENSIS.

635 176 738 202 Altach
766 174 933 209 Supperiori.
981 174 1122 200 Amandus
1145 172 1206 206 pbr.
1224 170 1428 198 Lambacensis.
1475 171 1616 204 Rupertus
1642 170 1702 204 pbr.
1722 169 1928 196 Gottwicensis.

636 218 739 244 Tobias
757 217 999 251 Baumburgeusis.

589 261 639 288 Ob.
652 261 785 294 Wulfing,
805 259 981 291 Bertholdus,
1005 259 1104 284 Petrus
1127 259 1155 283 et
1178 256 1337 290 Stephanus
1356 255 1512 282 Ponhalbm
1532 263 1681 289 eorumque
1704 255 1820 287 familia,
1845 255 1928 282 bene-

635 304 755 330 factores
774 312 799 329 n.
820 311 842 329 c.
886 301 1079 336 Sigismuudus
1108 300 1167 333 pbr.
1185 299 1219 325 de
1247 298 1466 325 Cremsminster.
1514 298 1632 325 Ioannes
1660 307 1700 324 ον.
1720 298 1754 324 de
1779 297 1928 324 Lambaco.

638 346 780 372 Conradus
804 345 875 371 diac.
894 345 927 371 de
951 343 1168 370 Cremsminster.
1209 341 1342 375 Iosephus
1366 342 1434 375 prof.
1455 341 1490 367 ad
1515 340 1571 367 Sum
1584 341 1744 367 Martinum.
1782 340 1928 366 Ladislaus

636 389 696 422 pbr.
715 389 750 415 ad
770 388 826 414 Sum
844 387 1004 414 Martinnm.
1042 385 1168 420 Ignatius
1192 384 1252 418 pbr.
1271 384 1305 410 de
1329 383 1574 417 Closternenburg.
1615 383 1647 410 D.
1660 383 1845 418 Engelbertus
1864 383 1928 409 abb.

636 432 663 458 in
678 432 773 463 Attl.¹)
805 430 1035 456 Bartholomaeus
1055 429 1114 462 pbr.
1128 428 1163 454 ad
1183 428 1240 453 sum
1254 427 1409 453 Nicolaum.
1441 427 1470 452 P.
1483 426 1638 453 Bernardus
1651 426 1754 453 Ebmer
1772 435 1798 452 n.
1813 435 1835 452 c.
1853 425 1930 460 prior

635 474 837 501 meritissimus.
875 473 1000 499 Ubaldus
1020 472 1078 505 pbr.
1093 471 1168 504 apud
1188 470 1244 496 S¹¹⁷¹¹
1259 470 1401 496 Zenonem.

589 516 638 543 Ob.
653 516 807 543 Catharina
820 515 956 548 Luegerin
971 513 1143 540 benefactrix
1162 518 1202 538 na.
1234 511 1370 545 Georgius
1388 512 1448 546 pbr.
1462 521 1488 538 n.
1500 521 1522 538 c.
1554 511 1701 538 Udalricus
1719 511 1781 546 pbr.
1795 511 1829 537 de
1849 511 1929 537 Lam-

637 559 713 586 baco.
752 559 783 585 D.
797 558 973 584 Guilhelnius
992 557 1025 583 de
1045 557 1207 590 T'egernsee,
1227 555 1290 581 abb.
1309 555 1338 581 in
1357 555 1512 587 Scheiirn.²)
1549 554 1674 581 Andreas
1692 554 1753 588 pbr.
1773 554 1807 581 de
1825 554 1930 580 Altaeh

638 602 786 635 Superiori.
816 601 928 626 Maurus
947 599 1007 633 pbr.
1021 599 1054 624 de
1074 598 1222 624 Gottwico.
1253 597 1428 632 Augustinus
1447 597 1507 631 pbr.
1528 597 1561 624 de
1580 597 1612 624 So
1625 597 1807 624 Emerammo.
1843 597 1930 623 Bene-

637 644 728 670 dictus
748 644 807 677 pbr.
825 643 853 669 in
874 643 1036 676 Tegernsee.
1073 641 1204 667 Placidus
1223 641 1283 674 pbr.
1302 641 1337 666 ad
1360 640 1456 667 Scotos
1475 640 1608 667 Viennae.
1644 640 1850 674 Exuperantius
1868 640 1930 674 pbr.

637 687 670 712 de
688 686 791 712 Altach
810 685 946 712 Inferiori.
982 685 1075 718 Agnes
1094 685 1171 718 prosa
1189 683 1218 709 in
1239 684 1455 710 Hochenwarth.
1493 683 1666 710 Coelestinus
1684 683 1761 717 prior
1779 683 1815 710 ad
1834 683 1931 709 Seotos

637 729 770 756 Viennae.
806 728 897 754 Maria
916 727 1060 754 Gertrudis
1080 727 1205 761 Birgitta
1224 727 1300 760 profa
1319 727 1347 752 in
1366 726 1501 761 Nunberg
1519 726 1684 760 Salisburgi.

589 772 639 798 Ob.
654 771 830 805 Manigoldus
854 779 909 804 eps.
928 770 1106 797 Patavieusis
1130 772 1159 796 et
1177 770 1241 796 abb.
1262 770 1290 796 in
1309 770 1497 804 Tegernsee.³)
1539 770 1656 796 Ioannes
1681 769 1742 803 pbr.
1757 769 1790 796 de
1808 768 1931 796 Mellico.

636 814 668 840 D.
682 813 820 840 Martinus
840 813 903 839 abb.
920 813 954 839 de
973 813 1068 841 ΛΜΗ)
1106 813 1244 839 Martinus
1263 813 1324 847 pbr.
1345 813 1378 839 de
1397 813 1501 839 Altaeh
1521 812 1656 839 Inferiori.
1701 811 1804 838 Paulus
1823 811 1882 845 pbr.
1897 811 1931 838 de

636 856 740 882 Altach
760 856 908 889 Superiori.
945 856 1084 882 Erhardus
1104 856 1163 889 pbr.
1179 855 1362 882 Glunicensis.
1400 855 1540 881 Firmatus
1558 855 1618 889 pbr.
1633 855 1660 881 in
1680 854 1811 888 Prifling.
1849 853 1932 879 Wili-

640 899 740 925 baldus
758 899 824 925 olim
845 899 921 932 prior
939 899 1115 925 Mellicensis.
1147 898 1309 925 Victorinus
1328 899 1388 932 pbr.
1402 899 1436 925 de
1455 898 1559 925 Altach
1578 897 1711 925 Inferiori.
1743 897 1931 931 Wolfgangus

636 942 711 975 prior
730 941 758 967 in
780 942 854 968 Rott.
892 941 1052 967 Dominicus
1076 941 1135 975 pbr.
1154 941 1182 967 in
1202 941 1320 968 Mansee.
1364 941 1530 967 Landfridus
1549 941 1608 975 pbr.
1627 943 1655 967 et
1673 949 1728 967 sac.
1747 940 1883 967 iubilatus
1902 939 1931 965 in

638 984 869 1011 Benedictbeiirn.

588 1027 638 1054 Ob.
658 1027 756 1053 Petrus
780 1027 890 1053 Hueber
919 1029 947 1053 et
971 1027 1125 1053 Catharina
1144 1036 1187 1053 uX.
1202 1027 1273 1058 eiuS,
1298 1027 1490 1053 benefactores
1516 1027 1551 1054 ni.
1590 1027 1704 1058 Paulus,
1729 1026 1878 1060 Gregorius
1897 1026 1931 1052 de

638 1070 738 1096 Melico
758 1070 826 1104 pbri.
859 1070 991 1096 Albertus
1010 1070 1079 1096 diac.
1095 1070 1128 1096 de
1148 1069 1226 1096 Cella
1245 1069 1358 1096 Mariae.
1394 1069 1526 1096 Placidus
1545 1069 1604 1103 pbr.
1620 1069 1653 1096 de
1673 1069 1821 1096 Gottwieo.
1859 1069 1931 1095 Rud-

639 1113 734 1139 bertus
760 1122 800 1139 ον.
819 1113 852 1139 de
875 1113 1036 1147 Salzburga.
1079 1113 1203 1139 Andreas
1222 1113 1281 1146 pbr.
1301 1113 1335 1139 de
1355 1113 1518 1139 Formbach.
1561 1112 1725 1139 Franciscus
1747 1112 1808 1147 pbr.
1829 1112 1858 1138 in
1881 1111 1932 1138 Mi-

639 1156 814 1182 chaelbefirn.
856 1156 1031 1182 Aemilianus
1059 1156 1118 1190 pbr.
1138 1155 1314 1182 Mellicensis.
1363 1156 1547 1189 Hieronymus
1571 1155 1631 1189 pbr.
1652 1155 1688 1182 ad
1712 1155 1768 1181 Sum
1782 1155 1932 1181 Nicolaum

637 1207 724 1232 prope
743 1199 912 1225 Passavium.

593 1241 641 1267 Ob.
656 1242 785 1267 Erasmus
803 1243 864 1276 pbr.
879 1242 912 1268 de
931 1242 1033 1268 Altach
1054 1241 1188 1268 Inferiori.
1220 1242 1407 1276 Wolfgangus
1426 1242 1484 1275 pbr.
1499 1242 1527 1268 in
1547 1241 1709 1276 Tegernsee.
1746 1241 1777 1268 D.
1792 1241 1933 1268 Erhardus

642 1284 705 1310 abb.
725 1294 748 1310 n.
769 1286 816 1317 αὖ)
861 1285 890 1311 D.
910 1285 1030 1311 Thomas
1054 1285 1116 1311 abb.
1135 1285 1165 1310 in
1190 1285 1379 1319 Alteliburg.⁶)
1424 1285 1546 1311 Michael
1570 1285 1630 1318 pbr.
1647 1285 1682 1310 acl
1709 1285 1763 1310 Sum
1789 1284 1931 1311 Zenonem.

640 1328 775 1361 Georgius
794 1327 853 1361 pbr.
870 1327 903 1353 de
922 1326 1071 1354 Lambach.
1111 1328 1139 1354 D.
1158 1327 1280 1353 Thomas
1299 1328 1362 1354 abb.
1381 1327 1612 1361 Alteuburgensis
1620 1329 1648 1360 ὓ),
1668 1327 1738 1361 prof.
1758 1327 1791 1354 de
1810 1327 1931 1354 Mellico.

639 1370 781 1396 Marianus
799 1370 859 1404 pbr.
880 1370 1047 1403 Schyrensis.
1080 1370 1249 1396 Benedictus
1268 1370 1327 1404 pbr.
1342 1370 1369 1396 in
1389 1371 1467 1397 Seon.
1502 1370 1650 1404 Gregorius
1669 1370 1728 1404 pbr.
1743 1370 1772 1396 in
1786 1370 1932 1396 Weiohen-

639 1413 766 1446 stephan.
804 1413 929 1439 Andreas
948 1413 1008 1447 pbr.
1023 1413 1052 1438 in
1073 1413 1223 1440 Chiemsee.

589 1456 639 1482 Ob.
657 1456 724 1482 Otto
744 1456 817 1481 Auer
830 1456 992 1482 benefactor
1010 1465 1035 1481 11.
1072 1455 1214 1489 Georgius,
1236 1456 1365 1490 Raphael
1384 1456 1445 1490 pbri
1465 1456 1498 1482 de
1512 1456 1614 1482 Altach
1629 1456 1777 1489 Superiori.
1810 1456 1932 1483 Christo-

639 1498 743 1531 phorus
763 1499 821 1532 pbr.
838 1499 870 1524 de
893 1498 1052 1524 llatisbona.
1091 1499 1193 1525 Paulus
1214 1499 1272 1532 pbr.
1287 1499 1320 1525 de
1340 1499 1443 1525 Altaeh
1463 1498 1598 1525 Inferiori.
1637 1498 1853 1532 christophorus
1872 1499 1932 1533 pbr.

641 1541 753 1567 ibidem.
791 1541 912 1567 Mic-hae]
932 1542 991 1575 pbr.
1006 1541 1187 1568 Glunicensis.

589 1584 640 1610 Ob.
663 1584 799 1610 Martinus
819 1594 858 1610 ον.
878 1585 910 1610 de
931 1584 1009 1611 Cella
1029 1585 1141 1611 Mariae.
1187 1584 1354 1619 Lampertus
1378 1585 1437 1619 pbr.
1458 1585 1492 1611 (le
1516 1585 1664 1612 Gottwico.
1707 1585 1738 1611 D.
1755 1584 1933 1611 Leonhardus

639 1627 702 1653 abb.
721 1628 755 1653 de
775 1627 1015 1659 Cremsminsterff)
1052 1628 1133 1653 Vitus
1158 1636 1197 1654 cr.
1215 1628 1248 1654 de
1267 1628 1370 1654 Altach
1396 1628 1528 1654 Inferiori.
1571 1628 1674 1654 Paulus
1698 1628 1758 1662 pbr.
1777 1628 1810 1655 de
1829 1628 1932 1654 Altaeh

639 1669 787 1703 Superiori.
829 1669 977 1703 Gregorius
1001 1671 1029 1696 et
1053 1670 1169 1696 Ioannes
1196 1670 1256 1703 pbri
1276 1671 1308 1697 de
1329 1671 1490 1704 'I‘egernsea
1529 1670 1670 1697 Com-aelus
1694 1670 1769 1705 prior
1792 1671 1821 1697 in
1840 1671 1932 1697 Form-

638 1713 718 1738 bach.
756 1712 881 1738 Andreas
901 1713 957 1738 dec.
979 1712 1012 1738 de
1033 1712 1274 1747 Closterueuburg.
1317 1714 1437 1739 Michael
1457 1716 1485 1740 et
1504 1714 1626 1740 Adamus
1646 1714 1707 1748 pbri
1726 1714 1759 1740 de
1780 1713 1931 1740 chiemsee.

639 1755 800 1781 Frauciscus
819 1755 878 1788 pbr.
894 1755 922 1781 in
941 1755 1170 1782 Michaelsbeurn.
1205 1756 1385 1782 Wenceslaus
1404 1757 1463 1790 pbr.
1485 1757 1839 1791 Claustro-Neoburgensis,
1869 1757 1933 1783 Vir-

637 1798 723 1832 gilius
743 1798 801 1831 pbr.
816 1798 844 1823 in
863 1798 1048 1824 Mallerstorfl'.
1088 1799 1214 1832 Iguatius
1234 1799 1293 1833 pbr.
1309 1799 1514 1826 Gottwieensis.

591 1841 639 1867 Ob.
660 1841 799 1866 Erhardus
825 1840 948 1866 subdiac.
972 1841 1005 1867 de
1035 1840 1252 1868 Cremsminster.
1300 1842 1396 1868 Petrus
1425 1842 1484 1876 pbr.
1507 1843 1539 1869 de
1564 1842 1683 1868 Mellico.
1729 1841 1932 1876 Sigismundus‚

639 1884 789 1913 Matthias,
813 1883 961 1917 Aegidius,
987 1884 1097 1910 Marcus
1116 1884 1177 1918 pbri
1196 1884 1224 1910 in
1247 1885 1455 1919 h'eichersperg.
1494 1885 1667 1917 Edmundus,
1687 1885 1830 1916 Placidus,
1851 1885 1934 1912 Fran-

639 1926 728 1952 ciseus
752 1926 812 1959 pbri
836 1926 869 1952 de
895 1927 1012 1953 Mansee.
1065 1927 1245 1953 Sebastianus
1270 1928 1339 1961 prof.
1359 1928 1386 1954 in
1410 1928 1618 1955 seittenstettn.
1666 1928 1805 1955 Antonius
1834 1937 1873 1955 cv.
1898 1928 1934 1954 ad

639 1969 695 1995 Sum
709 1968 860 1994 Martinum
880 1969 908 1994 in
929 1969 1079 1996 Pannonia.
1116 1970 1255 1996 Antonius
1274 1979 1314 1996 ev.
1334 1970 1362 1996 iu
1382 1971 1484 1997 Altach
1506 1971 1639 1997 Inferiori.

591 2012 640 2038 Ob.
655 2011 764 2038 Ulricus
784 2012 891 2045 Har-ing
915 2014 943 2037 et
965 2012 1046 2038 Anna
1065 2021 1109 2038 ux.
1131 2013 1202 2043 eius,
1226 2013 1419 2040 benefactores
1442 2014 1475 2040 ni.
1520 2014 1644 2039 Andreas
1669 2022 1709 2040 ον.
1728 2013 1762 2039 de
1785 2013 1932 2040 Lambaeo.

640 2054 788 2088 Gregorius
802 2054 835 2080 (le
849 2055 969 2086 Mamee,
987 2055 1101 2081 Ioannes
1116 2065 1140 2081 n.
1156 2065 1177 2081 c.
1192 2056 1260 2089 pbri.
1288 2056 1390 2082 Paulus
1405 2065 1444 2083 ον.
1459 2057 1491 2082 de
1506 2056 1610 2082 Altach
1623 2056 1770 2090 Superiori.
1803 2056 1833 2082 D.
1845 2056 1932 2082 Leon-

639 2097 741 2123 hardus
760 2098 793 2123 de
807 2098 868 2123 Attl
882 2098 970 2130 abbr)
1002 2098 1142 2124 Romanus
1161 2099 1220 2132 pbr.
1235 2099 1269 2125 de
1283 2100 1385 2125 Altach
1399 2099 1534 2126 Inferiori.
1567 2101 1685 2126 Ioannes
1698 2099 1773 2133 prior
1786 2099 1820 2126 de
1834 2100 1932 2126 Beiirn.

639 2139 794 2166 Lndovicus
820 2141 879 2174 pbr.
900 2141 934 2166 (le
954 2141 1196 2175 Closterneuburg.
1242 2142 1272 2168 D.
1291 2143 1409 2168 Ioannes
1429 2142 1492 2168 abb.
1512 2142 1545 2168 de
1570 2142 1743 2175 Lambaco.⁹)
1786 2142 1932 2175 caspinus,

640 2182 799 2215 Stephanus
819 2185 847 2209 et
865 2183 1046 2210 Sebastianus
1066 2185 1126 2217 pbri
1145 2184 1257 2211 ibidem.
1294 2185 1431 2211 Achatius
1449 2194 1474 2211 n.
1495 2185 1634 2218 quondam
1654 2184 1730 2218 prior
1748 2186 1777 2211 et
1796 2185 1933 2218 parochus

640 2225 785 2257 Styrensis.
830 2226 989 2259 Religiosae
1010 2227 1133 2260 virgines
1156 2227 1292 2254 Eleonora
1315 2229 1344 2254 et
1368 2228 1484 2258 Helena,
1510 2227 1622 2253 smonles
1644 2227 1719 2260 profe
1744 2227 1773 2253 in
1796 2227 1933 2262 Nunberg

639 2267 802 2302 Salisburgi.
846 2269 1035 2295 Ferdinandns
1061 2270 1120 2303 pbr.
1139 2271 1317 2297 Mellicensis.
1358 2270 1504 2296 Udalricus
1527 2270 1585 2303 pbr.
1608 2270 1810 2297 Lambaceusis.
1852 2271 1933 2297 Anna

639 2310 728 2336 Maria
747 2311 824 2343 profe»
844 2311 871 2336 in
891 2312 1026 2346 Nunberg
1044 2312 1208 2347 Salisburgi.
1245 2313 1381 2347 Aegidius
1400 2313 1427 2339 in
1447 2313 1550 2339 Altach
1569 2313 1703 2339 Inferiori.

594 2352 642 2378 Ob.
663 2352 812 2386 Gregorius
831 2354 889 2386 pbr.
909 2354 942 2380 de
966 2355 1084 2382 Mansee.
1130 2356 1291 2382 Franciscus
1317 2356 1374 2389 pbr.
1395 2356 1428 2382 de
1448 2356 1551 2382 Altach
1574 2355 1709 2382 Inferiori.
1752 2355 1934 2382 Sebastianus

641 2396 700 2428 pbr.
719 2396 751 2422 de
775 2397 844 2423 Attl.
890 2398 1006 2424 Ioannes
1031 2399 1160 2432 supprior
1192 2399 1219 2424 in
1244 2399 1486 2426 Raittenhaslach.
1533 2399 1650 2425 Iacobus
1679 2398 1808 2432 subprior
1839 2398 1934 2424 Cellae

640 2438 752 2464 Mariae.
795 2439 825 2465 D.
840 2439 952 2465 Maurus
971 2442 1039 2473 prof.
1066 2443 1093 2467 et
1118 2441 1184 2467 olim
1204 2442 1266 2468 abb.
1286 2442 1477 2474 Mettensis.¹⁰)
1513 2441 1569 2468 Sor.
1585 2441 1726 2468 Christina
1746 2449 1778 2467 ex
1800 2441 1934 2475 Nunberg

641 2481 803 2515 Sulisburgi.
842 2482 930 2508 Maria
949 2484 1029 2508 Anna
1053 2483 1081 2509 iu
1101 2484 1279 2518 Nitlernburg
1298 2484 1432 2511 Passavii.
1469 2484 1630 2510 Edmuutlus
1654 2484 1729 2517 prior
1753 2484 1781 2510 in
1801 2483 1934 2510 Pillersee

388 2569 406 2599 ¹)
427 2568 501 2594 Fort.
515 2570 539 2595 Ιι.
553 2578 578 2595 ⁹1.
595 2570 642 2601 11.,
662 2570 699 2596 οἷ).
715 2580 738 2597 n.
751 2576 812 2597 1606
830 2573 897 2603 (Iuli
913 2578 932 2599 7.
964 2574 1105 2607 Lindum).
1203 2577 1222 2607 ²)
1246 2575 1290 2602 Ob.
1305 2585 1329 2602 κ.
1342 2579 1411 2608 1467,
1431 2583 1517 2602 mense
1536 2576 1625 2602 Ιιιηίο.
1721 2576 1742 2607 ³)
1765 2574 1811 2601 Ob.
1826 2583 1850 2600 α.
1862 2578 1931 2601 1215.

285 2610 304 2641 ⁴)
327 2609 371 2636 Ob.
387 2618 409 2635 a.
422 2614 494 2637 1498.

593 2612 614 2645 ⁵)
638 2612 681 2639 Ob.
691 2617 752 2645 post
771 2618 877 2641 ‹1.1.·;64.
978 2618 999 2649 ⁶)
1023 2616 1067 2643 Ob.
1082 2621 1189 2644 (1.161‹S'.
1293 2620 1312 2651 ⁷)
1333 2618 1376 2644 Ob.
1392 2622 1501 2651 a.15'26,
1520 2626 1604 2644 mense
1622 2617 1710 2643 Iunio.
1815 2618 1834 2649 ⁸)
1854 2617 1932 2642 Fort.

232 2682 237 2686 ῃ
282 2651 463 2678 Leonlzardus
479 2654 544 2685 HL,
569 2654 718 2681 ob.a.1535
736 2657 791 2682 11in
805 2662 841 2683 111.
965 2660 985 2691 ⁹)
1005 2659 1048 2684 ..id
1067 2668 1138 2692 quem
1158 2661 1303 2694 pertinent,
1329 2661 1439 2687 dubium
1458 2664 1500 2688 est.
1627 2663 1660 2694 ¹⁰)
1684 2660 1803 2686 Maurus
1821 2659 1935 2692 Lazcter,

282 2695 319 2720 ob.
336 2704 360 2721 a.
372 2698 444 2727 1662,
462 2696 516 2721 dics
536 2698 604 2723 varie
622 2698 749 2725 z‘rwlitmz
