2054 2948
235 73 296 102 258
846 65 1027 92 DIOECESIS
1047 63 1268 91 LENTIENSIS.

270 159 343 186 VIII.
357 159 412 185 kal.
457 158 497 185 25.
543 152 603 184 Ob.
621 151 790 183 Matfridus
814 162 877 182 sac.
895 153 927 182 et
949 161 990 181 m.
1012 151 1041 181 h.
1065 150 1162 181 ecclic,
1210 148 1270 179 Ob.
1292 148 1447 179 Dittricus
1471 148 1574 179 dictus
1597 148 1774 190 Flusthart,
1803 151 1878 181 civis

592 203 805 242 Wiennensis,
822 203 1006 244 Margareta
1019 213 1070 232 ux.
1080 202 1157 240 eius,
1176 200 1229 241 qui
1243 200 1400 231 dederunt
1416 200 1507 231 nobis
1520 201 1646 231 vineam
1658 201 1690 231 in
1700 200 1877 233 Mukental.

286 260 345 286 VH.
360 260 415 286 kal.
459 260 500 285 26.
547 255 605 286 Ob.
622 254 660 285 D.
672 254 842 295 Ruogerus
866 254 905 284 de
923 252 1147 291 Starenberch,
1172 252 1225 292 qui
1241 251 1456 291 incorporavit
1471 251 1563 282 nobis
1589 254 1626 282 15
1638 252 1668 292 β.
1686 252 1878 284 reddituum.

593 305 642 331 Ob.
657 304 833 331 Leonhardus
853 303 963 329 molitor
981 312 1005 328 n.
1020 303 1047 328 in
1068 302 1195 336 pistrino.

296 353 341 379 VI.
355 353 410 379 kal.
455 352 497 380 28.
542 352 592 378 Ob.
607 352 729 377 Andreas
743 351 918 385 Hochgemut
932 350 1001 376 civis
1014 348 1196 375 Pataviensis.
1228 348 1298 374 Item
1313 348 1420 374 Ulricus
1433 348 1520 374 frater
1532 347 1628 381 ipsius.
1659 348 1710 375 Ob.
1723 348 1879 381 Elyzabeth

590 402 736 428 Altkindin
749 410 824 428 soror
838 401 868 427 Di
879 400 1037 427 Christ-anni
1051 400 1133 426 abbis.
1170 395 1230 427 Ob.
1244 395 1415 427 Heinricus
1439 396 1479 427 de
1503 396 1636 437 pistrino
1660 396 1756 427 famis.
1793 396 1878 428 Item

592 450 643 481 ob.
658 448 878 480 XVernhardus
906 449 946 479 de
976 447 1202 488 Chirichsteig‚
1230 447 1382 478 Heraidis
1409 458 1462 478 ux.
1484 448 1560 478 eius.
1612 448 1697 479 Item
1725 448 1775 479 ob.
1794 448 1877 478 Wil-

592 501 716 532 helmus
748 511 826 541 mgr.
851 500 1008 531 sedilium.
1070 499 1199 530 Osanna
1230 509 1282 529 ux.
1306 499 1382 529 eius.
1441 498 1623 539 Stephanus
1656 503 1688 531 et
1717 499 1877 531 Iohannes

590 552 645 582 filii
669 562 788 583 eorum.

297 606 342 632 IV.
357 607 411 633 kal.
457 607 498 633 29.
545 603 605 633 Ob.
622 604 658 633 fr.
676 603 857 641 Hainricus,
881 612 944 632 sac.
960 605 992 632 et
1015 612 1057 632 m.
1073 601 1104 631 h.
1123 600 1222 632 ecelie.
1269 600 1330 631 Ob.
1346 600 1507 632 Ohristina
1528 612 1582 633 ux.
1598 601 1808 643 Radlingarii.

309 657 344 684 II.
357 657 412 683 kal.
457 658 498 684 31.
545 657 594 683 Ob.
609 657 790 684 christannus
803 656 901 690 auriga
920 665 945 682 n.
959 656 987 681 in
1001 656 1121 686 Chrems,
1141 655 1260 682 famulus
1274 655 1371 682 fidelis.
1402 655 1453 682 Ob.
1467 655 1611 682 Tamlinus
1624 665 1673 682 aus
1686 656 1734 682 der
1748 656 1810 688 Rau,
1829 657 1877 690 qui

592 704 707 730 testavit
727 704 813 729 monio
833 705 960 736 quartam
979 704 1088 736 partem
1107 702 1135 728 in
1154 704 1234 736 prato
1254 702 1396 729 Rorenaw.
